<?xml version = "1.0" encoding = "UTF-8"?>
  <collection xmlns="http://www.loc.gov/MARC21/slim"
xmlns:xsi="http://www.w3.org/2001/XMLSchema-instance"
xsi:schemaLocation="http://www.loc.gov/MARC21/slim
http://www.loc.gov/standards/marcxml/schema/MARC21slim.xsd">
    <record xmlns="http://www.loc.gov/MARC21/slim"
xmlns:xsi="http://www.w3.org/2001/XMLSchema-instance"
xsi:schemaLocation="http://www.loc.gov/MARC21/slim
http://www.loc.gov/standards/marcxml/schema/MARC21slim.xsd">
      <leader>00414nas a22001697u 4500</leader>
      <controlfield tag="001">000180027-2</controlfield>
      <controlfield tag="005">20020606090541.3</controlfield>
      <controlfield tag="008">811209d19661966ne uu m   ||| 0uuu 0tib d</controlfield>
      <datafield tag="035" ind1="0" ind2=" ">
        <subfield code="a">ocn173720534</subfield>
      </datafield>
      <datafield tag="043" ind1=" " ind2=" ">
        <subfield code="a">tibeng</subfield>
      </datafield>
      <datafield tag="245" ind1="0" ind2="0">
        <subfield code="a">Scripta Tibetana.</subfield>
      </datafield>
      <datafield tag="260" ind1="0" ind2="0">
        <subfield code="a">Leiden</subfield>
        <subfield code="b">E.J. Brill,</subfield>
        <subfield code="c">1966.</subfield>
      </datafield>
      <datafield tag="300" ind1=" " ind2=" ">
        <subfield code="a">v. :</subfield>
        <subfield code="b">ill. ;</subfield>
        <subfield code="c">25 cm.</subfield>
      </datafield>
      <datafield tag="362" ind1="0" ind2=" ">
        <subfield code="a">1.</subfield>
      </datafield>
      <datafield tag="546" ind1=" " ind2=" ">
        <subfield code="a">Introduction in English.</subfield>
      </datafield>
      <datafield tag="650" ind1=" " ind2="0">
        <subfield code="a">Tibetan literature.</subfield>
      </datafield>
    </record>