

<record xmlns="http://www.loc.gov/MARC21/slim"
xmlns:xsi="http://www.w3.org/2001/XMLSchema-instance"
xsi:schemaLocation="http://www.loc.gov/MARC21/slim
http://www.loc.gov/standards/marcxml/schema/MARC21slim.xsd">
  <leader>00997cam a2200241Ia 4500</leader>
  <controlfield tag="001">000316568-X</controlfield>
  <controlfield tag="005">20020606090541.3</controlfield>
  <controlfield tag="008">820325s1981    au       b    000 0btib d</controlfield>
  <datafield tag="035" ind1="0" ind2=" ">
    <subfield code="a">ocm08275299</subfield>
  </datafield>
  <datafield tag="040" ind1=" " ind2=" ">
    <subfield code="a">WAU</subfield>
    <subfield code="c">WAU</subfield>
    <subfield code="d">CLU</subfield>
    <subfield code="d">IUL</subfield>
    <subfield code="d">OCL</subfield>
    <subfield code="d">HLS</subfield>
  </datafield>
  <datafield tag="043" ind1=" " ind2=" ">
    <subfield code="a">a-cc-ti</subfield>
  </datafield>
  <datafield tag="100" ind1="0" ind2=" ">
    <subfield code="a">Lobsang Dargyay.</subfield>
  </datafield>
  <datafield tag="245" ind1="1" ind2="0">
    <subfield code="a">Guṅ-thaṅ Dkon-mchog-bstan-paʾi-sgron-meʾi rnam thar mdor bsdus bźugs =</subfield>
    <subfield code="b">A concise biography of Guṅ thaṅ Dkon mchog bstan paʾi sgron me /</subfield>
    <subfield code="c">by Geshe Lobsang Dargyay.</subfield>
  </datafield>
  <datafield tag="246" ind1="3" ind2=" ">
    <subfield code="a">Concise biography of Guṅ thaṅ Dkon mchog bstan paʾi sgron me.</subfield>
  </datafield>
  <datafield tag="260" ind1=" " ind2=" ">
    <subfield code="a">Wien :</subfield>
    <subfield code="b">Arbeitskreis für Tibetische und Buddhistische Studien, Universität Wien,</subfield>
    <subfield code="c">1981.</subfield>
  </datafield>
  <datafield tag="300" ind1=" " ind2=" ">
    <subfield code="a">vi, ka-kha, 45 p. ;</subfield>
    <subfield code="c">29 cm.</subfield>
  </datafield>
  <datafield tag="440" ind1=" " ind2="0">
    <subfield code="a">Wiener Studien zur Tibetologie und Buddhismuskunde ;</subfield>
    <subfield code="v">Heft 6</subfield>
  </datafield>
  <datafield tag="500" ind1=" " ind2=" ">
    <subfield code="a">In Tibetan; pref. in English.</subfield>
  </datafield>
  <datafield tag="504" ind1=" " ind2=" ">
    <subfield code="a">Includes bibliographical references.</subfield>
  </datafield>
  <datafield tag="600" ind1="0" ind2="0">
    <subfield code="a">Guṅ-thaṅ Dkon-mchog-bstan-paʾi-sgron-me,</subfield>
    <subfield code="d">1762-1823.</subfield>
  </datafield>
</record>