

<record xmlns="http://www.loc.gov/MARC21/slim"
xmlns:xsi="http://www.w3.org/2001/XMLSchema-instance"
xsi:schemaLocation="http://www.loc.gov/MARC21/slim
http://www.loc.gov/standards/marcxml/schema/MARC21slim.xsd">
  <leader>00831cam a2200217Ia 4500</leader>
  <controlfield tag="001">000317295-3</controlfield>
  <controlfield tag="005">20020606090541.3</controlfield>
  <controlfield tag="008">821102s1981    au            000 0 tib d</controlfield>
  <datafield tag="035" ind1="0" ind2=" ">
    <subfield code="a">ocm08914110</subfield>
  </datafield>
  <datafield tag="040" ind1=" " ind2=" ">
    <subfield code="a">WAU</subfield>
    <subfield code="c">WAU</subfield>
    <subfield code="d">m/c</subfield>
    <subfield code="d">HLS</subfield>
  </datafield>
  <datafield tag="090" ind1=" " ind2=" ">
    <subfield code="a">BQ3325</subfield>
    <subfield code="b">.G83 1981</subfield>
  </datafield>
  <datafield tag="100" ind1="0" ind2=" ">
    <subfield code="a">Guṅ-thaṅ Dkon-mchog-bstan-paʾi-sgron-me,</subfield>
    <subfield code="d">1762-1823.</subfield>
  </datafield>
  <datafield tag="245" ind1="1" ind2="0">
    <subfield code="a">Rnam thar sgo gsum gyi rnam par bźag pa, legs bśad rgya mtshoʹi rba rlabs /</subfield>
    <subfield code="c">by Guṅ thaṅ dKon mchog bsTan pa&apos;i sgron me ; edited by Ernst Steinkellner.</subfield>
  </datafield>
  <datafield tag="260" ind1=" " ind2=" ">
    <subfield code="a">Wien :</subfield>
    <subfield code="b">Arbeitskreis für Tibetische und Buddhistische Studien, Universität Wien,</subfield>
    <subfield code="c">1981.</subfield>
  </datafield>
  <datafield tag="300" ind1=" " ind2=" ">
    <subfield code="a">20 p. ;</subfield>
    <subfield code="c">29 cm.</subfield>
  </datafield>
  <datafield tag="440" ind1=" " ind2="0">
    <subfield code="a">Wiener Studien zur Tibetologie und Buddhismuskunde ;</subfield>
    <subfield code="v">Heft 7</subfield>
  </datafield>
  <datafield tag="650" ind1=" " ind2="0">
    <subfield code="a">Tantric Buddhism.</subfield>
  </datafield>
  <datafield tag="700" ind1="1" ind2=" ">
    <subfield code="a">Steinkellner, Ernst.</subfield>
  </datafield>
</record>