

<record xmlns="http://www.loc.gov/MARC21/slim"
xmlns:xsi="http://www.w3.org/2001/XMLSchema-instance"
xsi:schemaLocation="http://www.loc.gov/MARC21/slim
http://www.loc.gov/standards/marcxml/schema/MARC21slim.xsd">
  <leader>01305nam a2200289Ia 4500</leader>
  <controlfield tag="001">000359408-4</controlfield>
  <controlfield tag="005">20020606090541.3</controlfield>
  <controlfield tag="008">810116s1977    gw a     b    001 0 tib d</controlfield>
  <datafield tag="035" ind1="0" ind2=" ">
    <subfield code="a">ocm07067054</subfield>
  </datafield>
  <datafield tag="040" ind1=" " ind2=" ">
    <subfield code="a">WAU</subfield>
    <subfield code="c">WAU</subfield>
    <subfield code="d">HLS</subfield>
  </datafield>
  <datafield tag="043" ind1=" " ind2=" ">
    <subfield code="a">a-cc-ti</subfield>
  </datafield>
  <datafield tag="090" ind1=" " ind2=" ">
    <subfield code="a">BQ7674</subfield>
    <subfield code="b">.Z65</subfield>
  </datafield>
  <datafield tag="100" ind1="0" ind2=" ">
    <subfield code="a">Champa Thupten Zongtse.</subfield>
  </datafield>
  <datafield tag="245" ind1="1" ind2="0">
    <subfield code="a">History of the Monastic University Dga&apos;-ldan-phun-tshogs-glin =</subfield>
    <subfield code="b">Geschichte der Kloster-Universität dGa&apos;-ldan-phun-tshogs-glin /</subfield>
    <subfield code="c">by Champa Thupten Zongtse.</subfield>
  </datafield>
  <datafield tag="246" ind1="3" ind2=" ">
    <subfield code="a">Geschichte der Kloster-Universität dGa&apos;-ldan-phun-tshogs-glin.</subfield>
  </datafield>
  <datafield tag="260" ind1=" " ind2=" ">
    <subfield code="a">[Göttingen] :</subfield>
    <subfield code="b">Verfasser,</subfield>
    <subfield code="c">1977.</subfield>
  </datafield>
  <datafield tag="300" ind1=" " ind2=" ">
    <subfield code="a">xxv, 369 p. :</subfield>
    <subfield code="b">ill. ;</subfield>
    <subfield code="c">30 cm.</subfield>
  </datafield>
  <datafield tag="490" ind1="1" ind2=" ">
    <subfield code="a">Publication of the Seminar for Indian and Buddhist Studies of the University of Göttingen = Veröffentlichungen des Seminars für Indologie und Buddhisumuskunde [sic] der Universität Göttingen ;</subfield>
    <subfield code="v">Nr. 1</subfield>
  </datafield>
  <datafield tag="500" ind1=" " ind2=" ">
    <subfield code="a">Title also in Tibetan.</subfield>
  </datafield>
  <datafield tag="500" ind1=" " ind2=" ">
    <subfield code="a">Text in Tibetan. Introductory matter in German and English.</subfield>
  </datafield>
  <datafield tag="504" ind1=" " ind2=" ">
    <subfield code="a">Includes bibliography and index.</subfield>
  </datafield>
  <datafield tag="610" ind1="2" ind2="0">
    <subfield code="a">Dgaʾ-ldan (Monastery)</subfield>
  </datafield>
  <datafield tag="650" ind1=" " ind2="0">
    <subfield code="a">Monasteries, Buddhist</subfield>
    <subfield code="z">China</subfield>
    <subfield code="z">Tibet Autonomous Region.</subfield>
  </datafield>
  <datafield tag="830" ind1=" " ind2="0">
    <subfield code="a">Veröffentlichungen des Seminars für Indologie und Buddhismuskunde der Universität Göttingen ;</subfield>
    <subfield code="v">Nr. 1.</subfield>
  </datafield>
</record>