

<record xmlns="http://www.loc.gov/MARC21/slim"
xmlns:xsi="http://www.w3.org/2001/XMLSchema-instance"
xsi:schemaLocation="http://www.loc.gov/MARC21/slim
http://www.loc.gov/standards/marcxml/schema/MARC21slim.xsd">
  <leader>01546nam a2200361Ia 4500</leader>
  <controlfield tag="001">000519696-5</controlfield>
  <controlfield tag="005">20090712075935.0</controlfield>
  <controlfield tag="008">830211s1980    ii a          00010 tib d</controlfield>
  <datafield tag="010" ind1=" " ind2=" ">
    <subfield code="a">   82900323</subfield>
  </datafield>
  <datafield tag="020" ind1=" " ind2=" ">
    <subfield code="c">Rs78.00</subfield>
  </datafield>
  <datafield tag="020" ind1=" " ind2=" ">
    <subfield code="c">Rs78.00</subfield>
  </datafield>
  <datafield tag="035" ind1="0" ind2=" ">
    <subfield code="a">ocm09213031</subfield>
  </datafield>
  <datafield tag="040" ind1=" " ind2=" ">
    <subfield code="a">IUL</subfield>
    <subfield code="c">IUL</subfield>
  </datafield>
  <datafield tag="041" ind1="1" ind2=" ">
    <subfield code="a">engtib</subfield>
    <subfield code="h">tib</subfield>
  </datafield>
  <datafield tag="043" ind1=" " ind2=" ">
    <subfield code="a">a-cc-ti</subfield>
  </datafield>
  <datafield tag="090" ind1=" " ind2=" ">
    <subfield code="a">BQ7800.J554</subfield>
    <subfield code="b">R7 1980</subfield>
  </datafield>
  <datafield tag="100" ind1="0" ind2=" ">
    <subfield code="a">ʼJigs-med-gliṅ-pa Raṅ-byuṅ-rdo-rje,</subfield>
    <subfield code="d">1729 or 1730-1798.</subfield>
  </datafield>
  <datafield tag="240" ind1="1" ind2="0">
    <subfield code="a">Kloṅ chen sñiṅ thig.</subfield>
    <subfield code="p">Rig ʼdzin ʼdus paʼi tshogs mchod.</subfield>
    <subfield code="l">English &amp; Tibetan</subfield>
  </datafield>
  <datafield tag="245" ind1="1" ind2="4">
    <subfield code="a">The assemblage of the knowledge-holders :</subfield>
    <subfield code="b">the inner sadhana from Long-chen nying thig /</subfield>
    <subfield code="c">by Kun-khyen Jig-med Ling-pa ; translated by Tulku Thondup.</subfield>
  </datafield>
  <datafield tag="246" ind1="3" ind2=" ">
    <subfield code="a">Long-chen nying-ki thig-le li Rig-dzin du-paʼi tshog-chhod zhug.</subfield>
  </datafield>
  <datafield tag="260" ind1="0" ind2=" ">
    <subfield code="a">[Gangtok, Sikkim : Dodrup Chen Rinpoche,</subfield>
    <subfield code="c">[1980]</subfield>
  </datafield>
  <datafield tag="300" ind1=" " ind2=" ">
    <subfield code="a">iv, 126, 30 p. :</subfield>
    <subfield code="b">ill. ;</subfield>
    <subfield code="c">20 cm.</subfield>
  </datafield>
  <datafield tag="500" ind1=" " ind2=" ">
    <subfield code="a">In Tibetan and English; pref. in English.</subfield>
  </datafield>
  <datafield tag="500" ind1=" " ind2=" ">
    <subfield code="a">Cover title: Kloṅ chen sñiṅ gi thig le las, Rig ʼdzin ʼdus paʼi tshogs mchod bźugs = Long-chen nying-ki thig-le li Rig-dzin du-paʼi tshog-chhod zhug.</subfield>
  </datafield>
  <datafield tag="650" ind1=" " ind2="0">
    <subfield code="a">Tibetan language</subfield>
    <subfield code="v">Texts.</subfield>
  </datafield>
  <datafield tag="650" ind1=" " ind2="0">
    <subfield code="a">Rñiṅ-ma-pa (Sect)</subfield>
    <subfield code="v">Prayers and devotions</subfield>
    <subfield code="x">Tibetan.</subfield>
  </datafield>
  <datafield tag="650" ind1=" " ind2="0">
    <subfield code="a">Rdzogs-chen.</subfield>
  </datafield>
  <datafield tag="650" ind1=" " ind2="0">
    <subfield code="a">Spiritual life</subfield>
    <subfield code="x">Buddhism</subfield>
    <subfield code="x">Rñiṅ-ma-pa authors.</subfield>
  </datafield>
  <datafield tag="700" ind1="0" ind2=" ">
    <subfield code="a">Thondup,</subfield>
    <subfield code="c">Tulku.</subfield>
  </datafield>
  <datafield tag="700" ind1="0" ind2=" ">
    <subfield code="a">ʼJigs-med-gliṅ-pa Raṅ-byuṅ-rdo-rje,</subfield>
    <subfield code="d">1729 or 1730-1798.</subfield>
    <subfield code="t">Assemblage of the knowledge-holders.</subfield>
  </datafield>
</record>