

<record xmlns="http://www.loc.gov/MARC21/slim"
xmlns:xsi="http://www.w3.org/2001/XMLSchema-instance"
xsi:schemaLocation="http://www.loc.gov/MARC21/slim
http://www.loc.gov/standards/marcxml/schema/MARC21slim.xsd">
  <leader>00988cam a2200277Ia 4500</leader>
  <controlfield tag="001">000522553-1</controlfield>
  <controlfield tag="005">20020606090541.3</controlfield>
  <controlfield tag="008">880307s1986    au c          000 0 tib d</controlfield>
  <datafield tag="035" ind1="0" ind2=" ">
    <subfield code="a">ocm17589760</subfield>
  </datafield>
  <datafield tag="040" ind1=" " ind2=" ">
    <subfield code="a">IUL</subfield>
    <subfield code="c">IUL</subfield>
    <subfield code="d">IXA</subfield>
    <subfield code="d">HLS</subfield>
  </datafield>
  <datafield tag="041" ind1="1" ind2=" ">
    <subfield code="a">tibeng</subfield>
    <subfield code="h">san</subfield>
  </datafield>
  <datafield tag="090" ind1=" " ind2=" ">
    <subfield code="a">BQ4350</subfield>
    <subfield code="b">.C2618 1986</subfield>
  </datafield>
  <datafield tag="100" ind1="0" ind2=" ">
    <subfield code="a">Candrakīrti.</subfield>
  </datafield>
  <datafield tag="240" ind1="1" ind2="0">
    <subfield code="a">Triśaraṇasaptati.</subfield>
    <subfield code="l">Tibetan &amp; English.</subfield>
  </datafield>
  <datafield tag="245" ind1="1" ind2="0">
    <subfield code="a">Triśaraṇasaptati :</subfield>
    <subfield code="b">the Septuagint on the Three Refuges</subfield>
    <subfield code="c">/ Candrakīrti ; edited, translated and annotated by Per K. Sorenson.</subfield>
  </datafield>
  <datafield tag="260" ind1=" " ind2=" ">
    <subfield code="a">Wien :</subfield>
    <subfield code="b">Arbeitskreis für Tibetische und Buddhistische Studien, Universität Wien,</subfield>
    <subfield code="c">1986.</subfield>
  </datafield>
  <datafield tag="300" ind1=" " ind2=" ">
    <subfield code="a">89 p. :</subfield>
    <subfield code="b">port. ;</subfield>
    <subfield code="c">24 cm.</subfield>
  </datafield>
  <datafield tag="440" ind1=" " ind2="0">
    <subfield code="a">Wiener Studien zur Tibetologie und Buddhismuskunde ;</subfield>
    <subfield code="v">Heft 16</subfield>
  </datafield>
  <datafield tag="500" ind1=" " ind2=" ">
    <subfield code="a">In Tibetan (romanized) and English.</subfield>
  </datafield>
  <datafield tag="504" ind1=" " ind2=" ">
    <subfield code="a">Bibliography: p. 85-89.</subfield>
  </datafield>
  <datafield tag="650" ind1=" " ind2="0">
    <subfield code="a">Threefold refuge.</subfield>
  </datafield>
  <datafield tag="650" ind1=" " ind2="0">
    <subfield code="a">Tibetan language</subfield>
    <subfield code="x">Texts.</subfield>
  </datafield>
  <datafield tag="700" ind1="1" ind2=" ">
    <subfield code="a">Sørensen, Per K.</subfield>
  </datafield>
</record>