

<record xmlns="http://www.loc.gov/MARC21/slim"
xmlns:xsi="http://www.w3.org/2001/XMLSchema-instance"
xsi:schemaLocation="http://www.loc.gov/MARC21/slim
http://www.loc.gov/standards/marcxml/schema/MARC21slim.xsd">
  <leader>00723nam a2200229I  4500</leader>
  <controlfield tag="001">000686742-1</controlfield>
  <controlfield tag="005">20020606090541.3</controlfield>
  <controlfield tag="008">741107s1970    gw            00000 tib</controlfield>
  <datafield tag="010" ind1=" " ind2=" ">
    <subfield code="a">   73305369</subfield>
  </datafield>
  <datafield tag="035" ind1="0" ind2=" ">
    <subfield code="a">ocm01068760</subfield>
  </datafield>
  <datafield tag="040" ind1=" " ind2=" ">
    <subfield code="c">COO</subfield>
  </datafield>
  <datafield tag="100" ind1="0" ind2=" ">
    <subfield code="a">Candrakīrti.</subfield>
  </datafield>
  <datafield tag="245" ind1="1" ind2="0">
    <subfield code="a">Madhyamakāvatāra.</subfield>
    <subfield code="c">Trad. tibét publ. par Louis de la Vallée Poussin. Neudr. d. Ausg. [von] 1907-1912.</subfield>
  </datafield>
  <datafield tag="260" ind1="0" ind2=" ">
    <subfield code="a">Osnabrück,</subfield>
    <subfield code="b">Biblio-Verl.,</subfield>
    <subfield code="c">1970.</subfield>
  </datafield>
  <datafield tag="300" ind1=" " ind2=" ">
    <subfield code="a">iii, 427 p.</subfield>
    <subfield code="c">22cm.</subfield>
  </datafield>
  <datafield tag="440" ind1=" " ind2="0">
    <subfield code="a">Bibliotheca Buddhica,</subfield>
    <subfield code="v">9</subfield>
  </datafield>
  <datafield tag="500" ind1=" " ind2=" ">
    <subfield code="a">Text in Tibetan; t. p. and pref. in French.</subfield>
  </datafield>
  <datafield tag="650" ind1=" " ind2="0">
    <subfield code="a">Mādhyamika (Buddhism)</subfield>
  </datafield>
  <datafield tag="700" ind1="2" ind2=" ">
    <subfield code="a">La Vallée Poussin, Louis de,</subfield>
    <subfield code="d">1869-1938,</subfield>
    <subfield code="e">ed.</subfield>
  </datafield>
</record>