

<record xmlns="http://www.loc.gov/MARC21/slim"
xmlns:xsi="http://www.w3.org/2001/XMLSchema-instance"
xsi:schemaLocation="http://www.loc.gov/MARC21/slim
http://www.loc.gov/standards/marcxml/schema/MARC21slim.xsd">
  <leader>00924cam a2200253Ii 4500</leader>
  <controlfield tag="001">000803952-6</controlfield>
  <controlfield tag="005">20020606090541.3</controlfield>
  <controlfield tag="008">780922s1977    ii            00010 tib</controlfield>
  <datafield tag="010" ind1=" " ind2=" ">
    <subfield code="a">   77901395</subfield>
  </datafield>
  <datafield tag="020" ind1=" " ind2=" ">
    <subfield code="c">Rs300.00</subfield>
  </datafield>
  <datafield tag="035" ind1="0" ind2=" ">
    <subfield code="a">ocm04244699</subfield>
  </datafield>
  <datafield tag="040" ind1=" " ind2=" ">
    <subfield code="a">IUL</subfield>
    <subfield code="c">IUL</subfield>
  </datafield>
  <datafield tag="090" ind1=" " ind2=" ">
    <subfield code="a">B162</subfield>
    <subfield code="b">.L3 1977</subfield>
  </datafield>
  <datafield tag="100" ind1="0" ind2=" ">
    <subfield code="a">Rol-paʾi-rdo-rje,</subfield>
    <subfield code="c">Lcaṅ-skya II,</subfield>
    <subfield code="d">1717-1786.</subfield>
  </datafield>
  <datafield tag="245" ind1="1" ind2="0">
    <subfield code="a">Buddhist philosophical systems /</subfield>
    <subfield code="c">written during 1736-46 by the Second Lcaṅ-skya Qutuγtu Rol-paḥi-rdo-rje under the Tibetan title Grub-paḥi-mthaḥ rnam-par-bzhag-paḥi Thub-bstan lhun-poḥi-mdzes-brgyan zhes-bya-ba ; edited by Lokesh Chandra.</subfield>
  </datafield>
  <datafield tag="260" ind1="0" ind2=" ">
    <subfield code="a">New Delhi :</subfield>
    <subfield code="b">Sharada Rani,</subfield>
    <subfield code="c">1977.</subfield>
  </datafield>
  <datafield tag="300" ind1=" " ind2=" ">
    <subfield code="a">[225] p. ;</subfield>
    <subfield code="c">28 x 38 cm.</subfield>
  </datafield>
  <datafield tag="440" ind1=" " ind2="0">
    <subfield code="a">Śata-piṭaka series ;</subfield>
    <subfield code="v">v. 233</subfield>
  </datafield>
  <datafield tag="500" ind1=" " ind2=" ">
    <subfield code="a">In Tibetan ; pref. in English.</subfield>
  </datafield>
  <datafield tag="650" ind1=" " ind2="0">
    <subfield code="a">Buddhism</subfield>
    <subfield code="x">Doctrines.</subfield>
  </datafield>
  <datafield tag="700" ind1="0" ind2=" ">
    <subfield code="a">Lokesh Chandra.</subfield>
  </datafield>
</record>