

<record xmlns="http://www.loc.gov/MARC21/slim"
xmlns:xsi="http://www.w3.org/2001/XMLSchema-instance"
xsi:schemaLocation="http://www.loc.gov/MARC21/slim
http://www.loc.gov/standards/marcxml/schema/MARC21slim.xsd">
  <leader>01011nam a2200253Ia 4500</leader>
  <controlfield tag="001">001003837-X</controlfield>
  <controlfield tag="005">20020606090541.3</controlfield>
  <controlfield tag="008">820714s1980    gw       b    00010 tib d</controlfield>
  <datafield tag="035" ind1="0" ind2=" ">
    <subfield code="a">ocm08600296</subfield>
  </datafield>
  <datafield tag="040" ind1=" " ind2=" ">
    <subfield code="a">HLS</subfield>
    <subfield code="c">HLS</subfield>
  </datafield>
  <datafield tag="041" ind1="1" ind2=" ">
    <subfield code="a">tibger</subfield>
    <subfield code="h">tib</subfield>
  </datafield>
  <datafield tag="130" ind1="0" ind2=" ">
    <subfield code="a">Tanjur.</subfield>
    <subfield code="k">Selections.</subfield>
    <subfield code="l">German &amp; Tibetan.</subfield>
  </datafield>
  <datafield tag="245" ind1="1" ind2="4">
    <subfield code="a">Die buddhistische Briefliteratur Indiens :</subfield>
    <subfield code="b">nach dem tibetischen Tanjur herausgegeben, übersetzt und erläutert /</subfield>
    <subfield code="c">vorgelegt von Siglinde Dietz.</subfield>
  </datafield>
  <datafield tag="260" ind1="0" ind2=" ">
    <subfield code="a">Bonn :</subfield>
    <subfield code="b">[s.n.],</subfield>
    <subfield code="c">1980.</subfield>
  </datafield>
  <datafield tag="300" ind1=" " ind2=" ">
    <subfield code="a">3 v. ;</subfield>
    <subfield code="c">21 cm.</subfield>
  </datafield>
  <datafield tag="500" ind1=" " ind2=" ">
    <subfield code="a">Text in Tibetan (transliterated) and German; editorial matter in German.</subfield>
  </datafield>
  <datafield tag="502" ind1=" " ind2=" ">
    <subfield code="a">Siglinde Dietz&apos;s thesis (doctoral)--Rheinische Friedrich-Wilhelms-Universität, Bonn.</subfield>
  </datafield>
  <datafield tag="504" ind1=" " ind2=" ">
    <subfield code="a">Bibliography: v. 3, p. 232-266.</subfield>
  </datafield>
  <datafield tag="505" ind1="0" ind2=" ">
    <subfield code="a">T. 1. Einleitung -- T. 2. Texte und Übersetzungen -- T. 3. Anmerkungen und Register.</subfield>
  </datafield>
  <datafield tag="630" ind1="0" ind2="0">
    <subfield code="a">Tanjur</subfield>
    <subfield code="x">Criticism, interpretation, etc.</subfield>
  </datafield>
  <datafield tag="700" ind1="1" ind2=" ">
    <subfield code="a">Dietz, Siglinde,</subfield>
    <subfield code="d">1937-</subfield>
  </datafield>
</record>