

<record xmlns="http://www.loc.gov/MARC21/slim"
xmlns:xsi="http://www.w3.org/2001/XMLSchema-instance"
xsi:schemaLocation="http://www.loc.gov/MARC21/slim
http://www.loc.gov/standards/marcxml/schema/MARC21slim.xsd">
  <leader>01214cam a2200265I  4500</leader>
  <controlfield tag="001">001143333-7</controlfield>
  <controlfield tag="005">20090712100012.0</controlfield>
  <controlfield tag="008">770225s1974    ii            00010 tib</controlfield>
  <datafield tag="010" ind1=" " ind2=" ">
    <subfield code="a">   74900926</subfield>
  </datafield>
  <datafield tag="035" ind1="0" ind2=" ">
    <subfield code="a">ocm02762017</subfield>
  </datafield>
  <datafield tag="040" ind1=" " ind2=" ">
    <subfield code="a">IUL</subfield>
    <subfield code="c">IUL</subfield>
  </datafield>
  <datafield tag="100" ind1="0" ind2=" ">
    <subfield code="a">Bstan-paʼi-ñi-ma,</subfield>
    <subfield code="c">Panchen Lama IV,</subfield>
    <subfield code="d">1781-1854.</subfield>
  </datafield>
  <datafield tag="240" ind1="1" ind2="0">
    <subfield code="a">Yi dam rgya mtshoʼi sgrub thabs rin chen ʼbyuṅ gnas kyi lhan thabs rin ʼbyuṅ don gsal</subfield>
  </datafield>
  <datafield tag="245" ind1="1" ind2="0">
    <subfield code="a">Sadhana-mala of the Panchen Lama Bstan-paḥi-ñi-ma-phyogs-las-rnam-rgyal,</subfield>
    <subfield code="b">entitled Yi-dam-rgya-mtshoḥi sgrub-thabs rin-chen-ḥbyuṅ-gnas-kyi lhan-thabs rin-ḥbyuṅ don gsal.</subfield>
    <subfield code="c">Reproduced by Lokesh Chandra from the collections of Raghu Vira.</subfield>
  </datafield>
  <datafield tag="260" ind1="0" ind2=" ">
    <subfield code="a">New Delhi,</subfield>
    <subfield code="b">International Academy of Indian Culture,</subfield>
    <subfield code="c">1974.</subfield>
  </datafield>
  <datafield tag="300" ind1=" " ind2=" ">
    <subfield code="a">2 v.</subfield>
    <subfield code="c">28 x 38 cm.</subfield>
  </datafield>
  <datafield tag="440" ind1=" " ind2="0">
    <subfield code="a">Śata-piṭaka series ;</subfield>
    <subfield code="v">v. 210-211</subfield>
  </datafield>
  <datafield tag="500" ind1=" " ind2=" ">
    <subfield code="a">Comprises v. 3-4 of the collected works of Bstan-paʼi-ñi-ma.</subfield>
  </datafield>
  <datafield tag="500" ind1=" " ind2=" ">
    <subfield code="a">In Tibetan; preface in English.</subfield>
  </datafield>
  <datafield tag="504" ind1=" " ind2=" ">
    <subfield code="a">Includes bibliographical references.</subfield>
  </datafield>
  <datafield tag="630" ind1="0" ind2="0">
    <subfield code="a">Aids to Sadhana series</subfield>
    <subfield code="x">Commentaries.</subfield>
  </datafield>
  <datafield tag="600" ind1="0" ind2="0">
    <subfield code="a">Tāranātha, Jo-naṅ-pa,</subfield>
    <subfield code="d">1575-</subfield>
    <subfield code="e">comp.</subfield>
    <subfield code="t">Yi dam rgya mtshoʼi sgrub thabs rin chen ʼbyuṅ gnas.</subfield>
  </datafield>
</record>