

<record xmlns="http://www.loc.gov/MARC21/slim"
xmlns:xsi="http://www.w3.org/2001/XMLSchema-instance"
xsi:schemaLocation="http://www.loc.gov/MARC21/slim
http://www.loc.gov/standards/marcxml/schema/MARC21slim.xsd">
  <leader>01221nam a2200301Ii 4500</leader>
  <controlfield tag="001">001345492-7</controlfield>
  <controlfield tag="005">20020606090541.3</controlfield>
  <controlfield tag="008">780929m19739999ii            00010dtib d</controlfield>
  <datafield tag="010" ind1=" " ind2=" ">
    <subfield code="a">   73906437</subfield>
  </datafield>
  <datafield tag="020" ind1=" " ind2=" ">
    <subfield code="c">Rs55.00 (v. 1)</subfield>
  </datafield>
  <datafield tag="020" ind1=" " ind2=" ">
    <subfield code="c">Rs55.00 (v. 1)</subfield>
  </datafield>
  <datafield tag="035" ind1="0" ind2=" ">
    <subfield code="a">ocm04250065</subfield>
  </datafield>
  <datafield tag="040" ind1=" " ind2=" ">
    <subfield code="a">IUL</subfield>
    <subfield code="c">IUL</subfield>
    <subfield code="d">m.c.</subfield>
    <subfield code="d">CRL</subfield>
  </datafield>
  <datafield tag="090" ind1=" " ind2=" ">
    <subfield code="a">BQ7664.2</subfield>
    <subfield code="b">.B5 1973</subfield>
  </datafield>
  <datafield tag="130" ind1="0" ind2=" ">
    <subfield code="a">Bkaʾ gdams glegs bam.</subfield>
  </datafield>
  <datafield tag="245" ind1="1" ind2="0">
    <subfield code="a">Bkaʾ gdams glegs bam :</subfield>
    <subfield code="b">collected teachings &amp; stories of Lord Atisha &amp; his disciples on the precious practice of Bkaʾ gdams pa Buddhism /</subfield>
    <subfield code="c">edited and published from a Lhasa edition by Kalsang Lhundup.</subfield>
  </datafield>
  <datafield tag="260" ind1="0" ind2=" ">
    <subfield code="a">Varanasi :</subfield>
    <subfield code="b">Kalsang Lhundup,</subfield>
    <subfield code="c">1973-</subfield>
  </datafield>
  <datafield tag="300" ind1=" " ind2=" ">
    <subfield code="a">v. ;</subfield>
    <subfield code="c">24 cm.</subfield>
  </datafield>
  <datafield tag="500" ind1=" " ind2=" ">
    <subfield code="a">On cover: Edited by Legs-pai-ces-rab.</subfield>
  </datafield>
  <datafield tag="505" ind1="0" ind2=" ">
    <subfield code="a">v. 1. Pha chos.</subfield>
  </datafield>
  <datafield tag="520" ind1=" " ind2=" ">
    <subfield code="a">Collection of texts, chiefly Lamaist precepts and hagiographical material, of the Kadampa tradition of Tibetan Lamaism; largely comprises &quot;rediscovered&quot; teachings attributed to disciples of Atisha, 11th century Indian religious master.</subfield>
  </datafield>
  <datafield tag="600" ind1="0" ind2="0">
    <subfield code="a">Atīśa,</subfield>
    <subfield code="d">982-1054.</subfield>
  </datafield>
  <datafield tag="650" ind1=" " ind2="0">
    <subfield code="a">Bkaʾ-gdams-pa (Sect)</subfield>
  </datafield>
  <datafield tag="650" ind1=" " ind2="0">
    <subfield code="a">Tibetan language</subfield>
    <subfield code="x">Texts.</subfield>
  </datafield>
  <datafield tag="700" ind1="0" ind2=" ">
    <subfield code="a">Atīśa,</subfield>
    <subfield code="d">982-1054.</subfield>
  </datafield>
</record>