

<record xmlns="http://www.loc.gov/MARC21/slim"
xmlns:xsi="http://www.w3.org/2001/XMLSchema-instance"
xsi:schemaLocation="http://www.loc.gov/MARC21/slim
http://www.loc.gov/standards/marcxml/schema/MARC21slim.xsd">
  <leader>01509cam a2200301Ii 4500</leader>
  <controlfield tag="001">001350517-3</controlfield>
  <controlfield tag="005">20020606090541.3</controlfield>
  <controlfield tag="008">800724s1973    ii            00010btibod</controlfield>
  <datafield tag="010" ind1=" " ind2=" ">
    <subfield code="a">   73906556</subfield>
  </datafield>
  <datafield tag="020" ind1=" " ind2=" ">
    <subfield code="c">Rs300.00</subfield>
  </datafield>
  <datafield tag="020" ind1=" " ind2=" ">
    <subfield code="c">Rs300.00</subfield>
  </datafield>
  <datafield tag="035" ind1="0" ind2=" ">
    <subfield code="a">ocm06548984</subfield>
  </datafield>
  <datafield tag="040" ind1=" " ind2=" ">
    <subfield code="a">IUL</subfield>
    <subfield code="c">IUL</subfield>
    <subfield code="d">OCL</subfield>
    <subfield code="d">CRL</subfield>
  </datafield>
  <datafield tag="090" ind1=" " ind2=" ">
    <subfield code="a">BQ7945.B757</subfield>
    <subfield code="b">B55 1973</subfield>
  </datafield>
  <datafield tag="100" ind1="0" ind2=" ">
    <subfield code="a">Blo-bzaṅ-sbyin-pa,</subfield>
    <subfield code="d">1821-1891.</subfield>
  </datafield>
  <datafield tag="245" ind1="1" ind2="4">
    <subfield code="a">The biography of the fourth Panchen Lama Bstan-paʾi-ñi-ma :</subfield>
    <subfield code="b">being the text of Rab ʾbyams rgyal baʾi spyi gzugs skyabs mgon Paṇ chen Thams cad mkhyen pa Rje btsun Blo bzaṅ dpal ldan Bstan paʾi ñi ma phyogs las rnam rgyal dpal bzaṅ poʾi źal sṅa nas kyi sku gsuṅ thugs kyi rnam par thar pa ʾdzam gliṅ mdzes rgyan /</subfield>
    <subfield code="c">by Blo bzan-sbyin-pa.</subfield>
  </datafield>
  <datafield tag="246" ind1="3" ind2=" ">
    <subfield code="a">Rab ʾbyams rgyal baʾi spyi gzugs skyabs mgon Pan-chen thams cad mkhyen pa rje btsun Blo-bzaṅ-dpal-ldan-bstan-paʾi-ñi-ma-phyogs-las-ṙnam-rgyal-dpal-bzaṅ-poʾi źal sṅa nas kyi sku gsuṅ thugs kyi rnam par thar pa ʾdzam gliṅ mdzes rgyan.</subfield>
  </datafield>
  <datafield tag="260" ind1="0" ind2=" ">
    <subfield code="a">New Delhi :</subfield>
    <subfield code="b">Trayang,</subfield>
    <subfield code="c">1973.</subfield>
  </datafield>
  <datafield tag="300" ind1=" " ind2=" ">
    <subfield code="a">1 v. (unpaged) ;</subfield>
    <subfield code="c">28 x 37 cm.</subfield>
  </datafield>
  <datafield tag="500" ind1=" " ind2=" ">
    <subfield code="a">In Tibetan.</subfield>
  </datafield>
  <datafield tag="500" ind1=" " ind2=" ">
    <subfield code="a">&quot;Reproduced from a print from the Bkra-śis-lhun-po xylographic blocks.&quot;</subfield>
  </datafield>
  <datafield tag="520" ind1=" " ind2=" ">
    <subfield code="a">Biography of the 4th Panchen Lama of Tashilhunpo, Bstan-pa&apos;i-ñi-ma, 1781-1854.</subfield>
  </datafield>
  <datafield tag="600" ind1="0" ind2="0">
    <subfield code="a">Bstan-paʾ i-ñi-ma,</subfield>
    <subfield code="c">Panchen Lama IV,</subfield>
    <subfield code="d">1781-1854.</subfield>
  </datafield>
  <datafield tag="650" ind1=" " ind2="0">
    <subfield code="a">Dge-lugs-pa (Sect)</subfield>
    <subfield code="v">Biography.</subfield>
  </datafield>
  <datafield tag="650" ind1=" " ind2="0">
    <subfield code="a">Tibetan language</subfield>
    <subfield code="x">Texts.</subfield>
  </datafield>
</record>