

<record xmlns="http://www.loc.gov/MARC21/slim"
xmlns:xsi="http://www.w3.org/2001/XMLSchema-instance"
xsi:schemaLocation="http://www.loc.gov/MARC21/slim
http://www.loc.gov/standards/marcxml/schema/MARC21slim.xsd">
  <leader>01574nam a2200373Ia 4500</leader>
  <controlfield tag="001">001350599-8</controlfield>
  <controlfield tag="005">20031208052502.0</controlfield>
  <controlfield tag="008">810409s1970    ii            00010 tibou</controlfield>
  <datafield tag="010" ind1=" " ind2=" ">
    <subfield code="a">   79913063</subfield>
  </datafield>
  <datafield tag="020" ind1=" " ind2=" ">
    <subfield code="c">Rs300.00</subfield>
  </datafield>
  <datafield tag="020" ind1=" " ind2=" ">
    <subfield code="c">Rs300.00</subfield>
  </datafield>
  <datafield tag="035" ind1="0" ind2=" ">
    <subfield code="a">ocm07320435</subfield>
  </datafield>
  <datafield tag="040" ind1=" " ind2=" ">
    <subfield code="c">IUL</subfield>
    <subfield code="d">CRL</subfield>
  </datafield>
  <datafield tag="050" ind1="0" ind2=" ">
    <subfield code="a">BC25.S253</subfield>
    <subfield code="b">B76</subfield>
  </datafield>
  <datafield tag="100" ind1="0" ind2=" ">
    <subfield code="a">Bsod-nams-lhun-grub,</subfield>
    <subfield code="c">Glo-bo Mkhan-chen.</subfield>
  </datafield>
  <datafield tag="245" ind1="1" ind2="0">
    <subfield code="a">Tshad ma rigs paʾi gter gyi rnam par bshad pa Rigs pa ma lus pa la ʾjug paʾi sgo :</subfield>
    <subfield code="b">a commentary on the Tshad ma rigs gter of Sa-skya Paṇḍita / /c by Glo-bo mkhan chen Bsod-nams-lhun-grub ; with an English introduction by E. Gene Smith.</subfield>
  </datafield>
  <datafield tag="246" ind1="3" ind2=" ">
    <subfield code="a">Rigs pa ma lus pa la ʾjug paʾi sgo.</subfield>
  </datafield>
  <datafield tag="246" ind1="3" ind2=" ">
    <subfield code="a">Rigs gter bshad pa.</subfield>
  </datafield>
  <datafield tag="246" ind1="3" ind2=" ">
    <subfield code="a">Rje btsun Mi-la-ras-pas mthun gi lta ba ji ltar bźed paʾi gnas lugs su bkod pa ʾkhrul med snan ba.</subfield>
  </datafield>
  <datafield tag="260" ind1="0" ind2=" ">
    <subfield code="a">Gangtok :</subfield>
    <subfield code="b">S.T. Kazi,</subfield>
    <subfield code="c">1970.</subfield>
  </datafield>
  <datafield tag="300" ind1=" " ind2=" ">
    <subfield code="a">12 [i.e. 6] p., 426 columns ;</subfield>
    <subfield code="c">29 x 40 cm.</subfield>
  </datafield>
  <datafield tag="440" ind1=" " ind2="0">
    <subfield code="a">Ngagyur Nyingmay Sungrab ;</subfield>
    <subfield code="v">v. 25</subfield>
  </datafield>
  <datafield tag="500" ind1=" " ind2=" ">
    <subfield code="a">In cursive Tibetan.</subfield>
  </datafield>
  <datafield tag="500" ind1=" " ind2=" ">
    <subfield code="a">Reproduced from an original manuscript.</subfield>
  </datafield>
  <datafield tag="500" ind1=" " ind2=" ">
    <subfield code="a">Cover title: Tshad ma rigs gter gyi rnam bshad.</subfield>
  </datafield>
  <datafield tag="500" ind1=" " ind2=" ">
    <subfield code="a">Spine title: Rigs gter bshad pa.</subfield>
  </datafield>
  <datafield tag="500" ind1=" " ind2=" ">
    <subfield code="a">Also contains his Rje btsun Mi-la-ras-pas mthun gi lta ba ji ltar bźed paʾi gnas lugs su bkod pa ʾkhrul med snaṅ ba.</subfield>
  </datafield>
  <datafield tag="600" ind1="0" ind2="0">
    <subfield code="a">Sa-skya paṇḍi-ta Kun-dgaʾ-rgyal-mtshan,</subfield>
    <subfield code="d">1182-1251.</subfield>
    <subfield code="t">Tshad ma rigs gter.</subfield>
  </datafield>
  <datafield tag="650" ind1=" " ind2="0">
    <subfield code="a">Buddhist logic.</subfield>
  </datafield>
  <datafield tag="650" ind1=" " ind2="0">
    <subfield code="a">Tibetan language</subfield>
    <subfield code="x">Texts.</subfield>
  </datafield>
  <datafield tag="700" ind1="1" ind2=" ">
    <subfield code="a">Smith, E. Gene</subfield>
    <subfield code="q">(Ellis Gene),</subfield>
    <subfield code="d">1936-</subfield>
  </datafield>
</record>