

<record xmlns="http://www.loc.gov/MARC21/slim"
xmlns:xsi="http://www.w3.org/2001/XMLSchema-instance"
xsi:schemaLocation="http://www.loc.gov/MARC21/slim
http://www.loc.gov/standards/marcxml/schema/MARC21slim.xsd">
  <leader>01677nam a2200349Ia 4500</leader>
  <controlfield tag="001">001350800-8</controlfield>
  <controlfield tag="005">20030903115416.0</controlfield>
  <controlfield tag="008">830119s1982    ii a          00010 tib d</controlfield>
  <datafield tag="010" ind1=" " ind2=" ">
    <subfield code="a">   82903729</subfield>
  </datafield>
  <datafield tag="020" ind1=" " ind2=" ">
    <subfield code="c">Rs300.00</subfield>
  </datafield>
  <datafield tag="035" ind1="0" ind2=" ">
    <subfield code="a">ocm09145342</subfield>
  </datafield>
  <datafield tag="040" ind1=" " ind2=" ">
    <subfield code="a">IUL</subfield>
    <subfield code="c">IUL</subfield>
    <subfield code="d">CRL</subfield>
  </datafield>
  <datafield tag="043" ind1=" " ind2=" ">
    <subfield code="a">a-cc-ti</subfield>
  </datafield>
  <datafield tag="090" ind1=" " ind2=" ">
    <subfield code="a">BQ7550</subfield>
    <subfield code="b">.B6 1982</subfield>
  </datafield>
  <datafield tag="100" ind1="1" ind2=" ">
    <subfield code="a">Blo-bzaṅ-bstan-paʾi-rgyal-mtshan,</subfield>
    <subfield code="c">Jebtsundampa I,</subfield>
    <subfield code="d">1635-1723.</subfield>
  </datafield>
  <datafield tag="245" ind1="1" ind2="0">
    <subfield code="a">Life and works of Jibcundampa I.</subfield>
  </datafield>
  <datafield tag="260" ind1="0" ind2=" ">
    <subfield code="a">New Delhi :</subfield>
    <subfield code="b">Sharada Rani,</subfield>
    <subfield code="c">1982.</subfield>
  </datafield>
  <datafield tag="300" ind1=" " ind2=" ">
    <subfield code="a">792 columns :</subfield>
    <subfield code="b">ill. ;</subfield>
    <subfield code="c">28 x 38 cm.</subfield>
  </datafield>
  <datafield tag="440" ind1=" " ind2="0">
    <subfield code="a">Śata-piṭaka series ;</subfield>
    <subfield code="v">v. 294</subfield>
  </datafield>
  <datafield tag="500" ind1=" " ind2=" ">
    <subfield code="a">In Tibetan; pref. in English.</subfield>
  </datafield>
  <datafield tag="500" ind1=" " ind2=" ">
    <subfield code="a">&quot;Reproduced by Lokesh Chandra from the collection of Prof. Raghuvira.&quot;</subfield>
  </datafield>
  <datafield tag="500" ind1=" " ind2=" ">
    <subfield code="a">Contains several biographies by Ṅag-gi-dbaṅ-po.</subfield>
  </datafield>
  <datafield tag="505" ind1="2" ind2=" ">
    <subfield code="a">Skyabs mgon Rje-btsun Dam-pa rin po che&apos;i skye phreṅ rim byon rnams kyi rnam thar mdo tsam bkod pa pad dkar &apos;phreṅ mdzes / Ṅag-gi-dbaṅ-po--Khyab bdag &apos;khor lo&apos;i mgon po Rje-btsun Dam-pa Blo-bzaṅ-bstan-pa&apos;i-rgyal-mtshan gyi rnam thar skal bzaṅ dad pa&apos;i śiṅ rta / Ṅag-gi-dbaṅ-po--Rje-btsun Dam-pa Blo-bzaṅ-bstan-pa&apos;i-rgyal-mtshan dpal bzaṅ po&apos;i thun moṅ ba&apos;i rnam thar bsdus pa / Dza-ya Paṇḍi-ta Blo-bzaṅ-&apos;phrin-las.</subfield>
  </datafield>
  <datafield tag="520" ind1=" " ind2=" ">
    <subfield code="a">Collected works of the First Jebtsun Damba Khutuktu, 1635-1723, spiritual primate of the Khalkha Mongols; includes several brief biographical works about the author.</subfield>
  </datafield>
  <datafield tag="650" ind1=" " ind2="0">
    <subfield code="a">Dge-lugs-pa lamas</subfield>
    <subfield code="z">Mongolia</subfield>
    <subfield code="x">Biography.</subfield>
  </datafield>
  <datafield tag="650" ind1=" " ind2="0">
    <subfield code="a">Dge-lugs-pa (Sect)</subfield>
  </datafield>
  <datafield tag="650" ind1=" " ind2="0">
    <subfield code="a">Tibetan language</subfield>
    <subfield code="x">Texts.</subfield>
  </datafield>
  <datafield tag="700" ind1="0" ind2=" ">
    <subfield code="a">Ṅag-gi-dbaṅ-po.</subfield>
  </datafield>
  <datafield tag="700" ind1="0" ind2=" ">
    <subfield code="a">Lokesh Chandra.</subfield>
  </datafield>
</record>