

<record xmlns="http://www.loc.gov/MARC21/slim"
xmlns:xsi="http://www.w3.org/2001/XMLSchema-instance"
xsi:schemaLocation="http://www.loc.gov/MARC21/slim
http://www.loc.gov/standards/marcxml/schema/MARC21slim.xsd">
  <leader>01327cam a2200313Ii 4500</leader>
  <controlfield tag="001">001368555-4</controlfield>
  <controlfield tag="005">20090712103554.0</controlfield>
  <controlfield tag="008">790418s1977    ii            00011 tib d</controlfield>
  <datafield tag="010" ind1=" " ind2=" ">
    <subfield code="a">   78902071</subfield>
  </datafield>
  <datafield tag="020" ind1=" " ind2=" ">
    <subfield code="c">Rs250.00</subfield>
  </datafield>
  <datafield tag="020" ind1=" " ind2=" ">
    <subfield code="c">Rs250.00</subfield>
  </datafield>
  <datafield tag="035" ind1="0" ind2=" ">
    <subfield code="a">ocm04869612</subfield>
  </datafield>
  <datafield tag="040" ind1=" " ind2=" ">
    <subfield code="a">IUL</subfield>
    <subfield code="c">IUL</subfield>
    <subfield code="d">m.c.</subfield>
    <subfield code="d">CRL</subfield>
  </datafield>
  <datafield tag="090" ind1=" " ind2=" ">
    <subfield code="a">PL3748.C47</subfield>
    <subfield code="b">D9 1977</subfield>
  </datafield>
  <datafield tag="100" ind1="0" ind2=" ">
    <subfield code="a">Chos-kyi-dbaṅ-phyug,</subfield>
    <subfield code="c">ʼDan Bla-ma.</subfield>
  </datafield>
  <datafield tag="245" ind1="1" ind2="0">
    <subfield code="a">ʾDzam gliṅ Seṅ chen Nor bu ḋgra ʾdul gyi rnam thar las Dmyal gliṅ rdzogs pa chen po :</subfield>
    <subfield code="b">the Dmyal gliṅ episode of the Gesar epic recounting the conquest of the realm of the dwellers of Hell /</subfield>
    <subfield code="c">written by ʾDan Bla-ma Chos-kyi-dbaṅ-phyug and concealed in the ʾGu-log country for subsequent revelation by Gliṅ-tshaṅ Drag-rtsal-rdo-rje.</subfield>
  </datafield>
  <datafield tag="246" ind1="3" ind2=" ">
    <subfield code="a">Dmyal gliṅ.</subfield>
  </datafield>
  <datafield tag="260" ind1="0" ind2=" ">
    <subfield code="a">Dehra Dun, U. P. :</subfield>
    <subfield code="b">D. G. Khochen Tulku,</subfield>
    <subfield code="c">[1977]</subfield>
  </datafield>
  <datafield tag="300" ind1=" " ind2=" ">
    <subfield code="a">511 p. in a case;</subfield>
    <subfield code="c">9 x 38 cm.</subfield>
  </datafield>
  <datafield tag="500" ind1=" " ind2=" ">
    <subfield code="a">Added title on boards: Dmyal gliṅ.</subfield>
  </datafield>
  <datafield tag="500" ind1=" " ind2=" ">
    <subfield code="a">Text in Tibetan in cursive script; preface in English.</subfield>
  </datafield>
  <datafield tag="500" ind1=" " ind2=" ">
    <subfield code="a">&quot;Reproduced from the manuscript belonging to D. G. Khochen Tulku.&quot;</subfield>
  </datafield>
  <datafield tag="520" ind1=" " ind2=" ">
    <subfield code="a">Authored episode of the famed Tibeto-Mongol epic.</subfield>
  </datafield>
  <datafield tag="650" ind1=" " ind2="0">
    <subfield code="a">Tibetan language</subfield>
    <subfield code="v">Texts.</subfield>
  </datafield>
  <datafield tag="700" ind1="0" ind2=" ">
    <subfield code="a">Drag-rtsal-rdo-rje,</subfield>
    <subfield code="c">Gliṅ-tshaṅ Gter-ston.</subfield>
  </datafield>
  <datafield tag="730" ind1="0" ind2=" ">
    <subfield code="a">Gesar.</subfield>
  </datafield>
</record>