

<record xmlns="http://www.loc.gov/MARC21/slim"
xmlns:xsi="http://www.w3.org/2001/XMLSchema-instance"
xsi:schemaLocation="http://www.loc.gov/MARC21/slim
http://www.loc.gov/standards/marcxml/schema/MARC21slim.xsd">
  <leader>01359cam a2200325Ii 4500</leader>
  <controlfield tag="001">001368556-2</controlfield>
  <controlfield tag="005">20090712103554.0</controlfield>
  <controlfield tag="008">790419s1973    ii            00011 tib d</controlfield>
  <datafield tag="010" ind1=" " ind2=" ">
    <subfield code="a">   73901151</subfield>
  </datafield>
  <datafield tag="020" ind1=" " ind2=" ">
    <subfield code="c">Rs 300.00</subfield>
  </datafield>
  <datafield tag="020" ind1=" " ind2=" ">
    <subfield code="c">Rs 300.00</subfield>
  </datafield>
  <datafield tag="035" ind1="0" ind2=" ">
    <subfield code="a">ocm04875543</subfield>
  </datafield>
  <datafield tag="040" ind1=" " ind2=" ">
    <subfield code="a">IUL</subfield>
    <subfield code="c">IUL</subfield>
    <subfield code="d">m.c.</subfield>
    <subfield code="d">CRL</subfield>
  </datafield>
  <datafield tag="090" ind1=" " ind2=" ">
    <subfield code="a">PL3748.C47</subfield>
    <subfield code="b">D9 1973</subfield>
  </datafield>
  <datafield tag="100" ind1="0" ind2=" ">
    <subfield code="a">Chos-kyi-dbaṅ-phyug,</subfield>
    <subfield code="c">ʼDan Bla-ma.</subfield>
  </datafield>
  <datafield tag="245" ind1="1" ind2="0">
    <subfield code="a">Gliṅ rje Ge sar rgyal poʾi mdzad sgruṅs las Dmyal baʾi leʾu :</subfield>
    <subfield code="b">an episode from the Gesar epic cycle recounting the King of Ling&apos;s conquest of hell /</subfield>
    <subfield code="c">written by ʾDan Bla-ma Chos-kyi-dbaṅ-phyug, concealed as a gter-ma in the Mgo-log country, and rediscovered by Gliṅ-tshan Gter-ston Drag-rtsal-rdo-rje.</subfield>
  </datafield>
  <datafield tag="246" ind1="3" ind2=" ">
    <subfield code="a">Dmyal gliṅ.</subfield>
  </datafield>
  <datafield tag="246" ind1="3" ind2=" ">
    <subfield code="a">Dmyal baʾi leʾu.</subfield>
  </datafield>
  <datafield tag="260" ind1="0" ind2=" ">
    <subfield code="a">New Thobgyal :</subfield>
    <subfield code="b">distributor, Tibetan Bonpo Monastic Center,</subfield>
    <subfield code="c">1973.</subfield>
  </datafield>
  <datafield tag="300" ind1=" " ind2=" ">
    <subfield code="a">[137] p. ;</subfield>
    <subfield code="c">29 x 37 cm.</subfield>
  </datafield>
  <datafield tag="500" ind1=" " ind2=" ">
    <subfield code="a">Cover title: Dmyal gliṅ.</subfield>
  </datafield>
  <datafield tag="500" ind1=" " ind2=" ">
    <subfield code="a">&quot;Reproduced from a manuscript in the library of Ri-bo-che Rje-drun Sprul-sku of Padma-bkod by Ngawang Sonam.&quot;</subfield>
  </datafield>
  <datafield tag="500" ind1=" " ind2=" ">
    <subfield code="a">In Tibetan in cursive script; preface in English.</subfield>
  </datafield>
  <datafield tag="520" ind1=" " ind2=" ">
    <subfield code="a">An authorized episode of the Gesar epic.</subfield>
  </datafield>
  <datafield tag="650" ind1=" " ind2="0">
    <subfield code="a">Tibetan language</subfield>
    <subfield code="v">Texts.</subfield>
  </datafield>
  <datafield tag="700" ind1="0" ind2=" ">
    <subfield code="a">Drag-rtsal-rdo-rje,</subfield>
    <subfield code="c">Gliṅ-tshaṅ Gter-ston.</subfield>
  </datafield>
  <datafield tag="730" ind1="0" ind2=" ">
    <subfield code="a">Gesar.</subfield>
  </datafield>
</record>