

<record xmlns="http://www.loc.gov/MARC21/slim"
xmlns:xsi="http://www.w3.org/2001/XMLSchema-instance"
xsi:schemaLocation="http://www.loc.gov/MARC21/slim
http://www.loc.gov/standards/marcxml/schema/MARC21slim.xsd">
  <leader>01270nam a2200337I  4500</leader>
  <controlfield tag="001">001380683-1</controlfield>
  <controlfield tag="005">20020606090541.3</controlfield>
  <controlfield tag="008">790919s1969    ii            00000 tib d</controlfield>
  <datafield tag="010" ind1=" " ind2=" ">
    <subfield code="a">   78090536 /SA</subfield>
  </datafield>
  <datafield tag="035" ind1="0" ind2=" ">
    <subfield code="a">ocm05389599</subfield>
  </datafield>
  <datafield tag="040" ind1=" " ind2=" ">
    <subfield code="a">HUH</subfield>
    <subfield code="c">HUH</subfield>
    <subfield code="d">m.c.</subfield>
    <subfield code="d">CRL</subfield>
  </datafield>
  <datafield tag="050" ind1=" " ind2=" ">
    <subfield code="a">DS786</subfield>
    <subfield code="b">.D64 1969</subfield>
  </datafield>
  <datafield tag="082" ind1=" " ind2=" ">
    <subfield code="a">951.5/003</subfield>
  </datafield>
  <datafield tag="100" ind1="0" ind2=" ">
    <subfield code="a">Don-dam-smra-baʾi-seṅge.</subfield>
  </datafield>
  <datafield tag="240" ind1="1" ind2="0">
    <subfield code="a">Bśad mdzod yid bźin nor bu</subfield>
  </datafield>
  <datafield tag="245" ind1="1" ind2="2">
    <subfield code="a">A 15th century Tibetan compendium of knowledge:</subfield>
    <subfield code="b">the Bśad mdzod yid bzhin nor bu.</subfield>
    <subfield code="c">Edited by Lokesh Chandra, with an introd. by E. Gene Smith.</subfield>
  </datafield>
  <datafield tag="246" ind1="3" ind2=" ">
    <subfield code="a">Bśad mdzod yid bshin nor bu.</subfield>
  </datafield>
  <datafield tag="260" ind1="0" ind2=" ">
    <subfield code="a">New Delhi</subfield>
    <subfield code="b">[Sharada Rani]</subfield>
    <subfield code="c">1969.</subfield>
  </datafield>
  <datafield tag="300" ind1=" " ind2=" ">
    <subfield code="a">32, [176] p.</subfield>
    <subfield code="c">23 x 29 cm.</subfield>
  </datafield>
  <datafield tag="440" ind1=" " ind2="0">
    <subfield code="a">Śata-piṭaka series ;</subfield>
    <subfield code="v">v. 78</subfield>
  </datafield>
  <datafield tag="500" ind1=" " ind2=" ">
    <subfield code="a">In Tibetan ; introductory matter in English.</subfield>
  </datafield>
  <datafield tag="500" ind1=" " ind2=" ">
    <subfield code="a">Photoreproduction of the original Tibetan manuscript.</subfield>
  </datafield>
  <datafield tag="504" ind1=" " ind2=" ">
    <subfield code="a">Includes bibliographical references.</subfield>
  </datafield>
  <datafield tag="520" ind1=" " ind2=" ">
    <subfield code="a">Survey of religious and secular knowledge intended for use in the education of a prince.</subfield>
  </datafield>
  <datafield tag="650" ind1=" " ind2="0">
    <subfield code="a">Buddhism</subfield>
    <subfield code="x">Handbooks, manuals, etc.</subfield>
  </datafield>
  <datafield tag="651" ind1=" " ind2="0">
    <subfield code="a">Tibet Autonomous Region (China)</subfield>
    <subfield code="x">Encyclopedias.</subfield>
  </datafield>
  <datafield tag="700" ind1="0" ind2=" ">
    <subfield code="a">Lokesh Chandra</subfield>
    <subfield code="e">ed.</subfield>
  </datafield>
</record>