

<record xmlns="http://www.loc.gov/MARC21/slim"
xmlns:xsi="http://www.w3.org/2001/XMLSchema-instance"
xsi:schemaLocation="http://www.loc.gov/MARC21/slim
http://www.loc.gov/standards/marcxml/schema/MARC21slim.xsd">
  <leader>01811nam a2200373Ii 4500</leader>
  <controlfield tag="001">001380885-0</controlfield>
  <controlfield tag="005">20020606090541.3</controlfield>
  <controlfield tag="008">800808s1970    ii a          00010btibod</controlfield>
  <datafield tag="010" ind1=" " ind2=" ">
    <subfield code="a">   72915164</subfield>
  </datafield>
  <datafield tag="020" ind1=" " ind2=" ">
    <subfield code="c">Rs300.00</subfield>
  </datafield>
  <datafield tag="020" ind1=" " ind2=" ">
    <subfield code="c">Rs300.00</subfield>
  </datafield>
  <datafield tag="035" ind1="0" ind2=" ">
    <subfield code="a">ocm06601302</subfield>
  </datafield>
  <datafield tag="040" ind1=" " ind2=" ">
    <subfield code="a">IUL</subfield>
    <subfield code="c">IUL</subfield>
    <subfield code="d">m/c</subfield>
    <subfield code="d">CRL</subfield>
  </datafield>
  <datafield tag="043" ind1=" " ind2=" ">
    <subfield code="a">a-cc-ti</subfield>
  </datafield>
  <datafield tag="045" ind1=" " ind2=" ">
    <subfield code="a">w-w-</subfield>
  </datafield>
  <datafield tag="090" ind1=" " ind2=" ">
    <subfield code="a">BQ950.N847</subfield>
    <subfield code="b">D37 1970</subfield>
  </datafield>
  <datafield tag="100" ind1="0" ind2=" ">
    <subfield code="a">Dbyaṅs-can-grub-paʾi-rdo-rje,</subfield>
    <subfield code="c">Dṅul-chu,</subfield>
    <subfield code="d">1809-1887.</subfield>
  </datafield>
  <datafield tag="245" ind1="1" ind2="4">
    <subfield code="a">The life of Dngul-chu Dharmabhadra :</subfield>
    <subfield code="b">being the text of dus gsum rgyal ba kun gyi spyi gzugs bkaʾ drin gsum ldan rje btsun bla ma thams cad mkhyen pa dharma bha dra Dpal bzang poʾi rnam par thar pa zhwa ser bstan paʾi mdzes rgyan /</subfield>
    <subfield code="c">by Dbyangs-Can-Grub-PaʾI-Rdo-Rje ; edited and reproduced ... by Ngawang Gelek Demo.</subfield>
  </datafield>
  <datafield tag="246" ind1="3" ind2=" ">
    <subfield code="a">Dus gsum rgyal ba kun gyi spyi gzugs bkaʾ drin gsum ldan rje btsun thams cad mkhyen pa Dharma-bha-dra-dpal-bzaṅ-poʾi rnam par thar pa źwa ser bstan paʾi mdzes rgyan źes bya ba.</subfield>
  </datafield>
  <datafield tag="246" ind1="3" ind2=" ">
    <subfield code="a">Źwa ser bstan paʾi mdzes rgyan źes bya ba.</subfield>
  </datafield>
  <datafield tag="260" ind1="0" ind2=" ">
    <subfield code="a">[New Delhi] :</subfield>
    <subfield code="b">Ngawang Gelek Demo,</subfield>
    <subfield code="c">1970.</subfield>
  </datafield>
  <datafield tag="300" ind1=" " ind2=" ">
    <subfield code="a">92 p. ; 29 x 42 cm.</subfield>
  </datafield>
  <datafield tag="440" ind1=" " ind2="0">
    <subfield code="a">Gedan sungrab minyam gyunphel series ;</subfield>
    <subfield code="v">v. 15</subfield>
  </datafield>
  <datafield tag="500" ind1=" " ind2=" ">
    <subfield code="a">In Tibetan; preface in English by E. Gene Smith.</subfield>
  </datafield>
  <datafield tag="500" ind1=" " ind2=" ">
    <subfield code="a">Reproduced from the Dṅul-chu edition.</subfield>
  </datafield>
  <datafield tag="500" ind1=" " ind2=" ">
    <subfield code="a">Cover title: Biography of Dngul-chu Dharmabhadra.</subfield>
  </datafield>
  <datafield tag="500" ind1=" " ind2=" ">
    <subfield code="a">Reproduction of xylograph with five rectos to the page followed by the corresponding five versos on the facing page.</subfield>
  </datafield>
  <datafield tag="520" ind1=" " ind2=" ">
    <subfield code="a">Biography of a Gelukpa scholar-saint of western Tibet, Dṅul-chu Dharmabhadra, 1772-1851.</subfield>
  </datafield>
  <datafield tag="600" ind1="0" ind2="0">
    <subfield code="a">Dṅul-chu Dharmabhadra,</subfield>
    <subfield code="d">1772-1851.</subfield>
  </datafield>
  <datafield tag="650" ind1=" " ind2="0">
    <subfield code="a">Dge-lugs-pa (Sect)</subfield>
    <subfield code="v">Biography.</subfield>
  </datafield>
  <datafield tag="650" ind1=" " ind2="0">
    <subfield code="a">Tibetan language</subfield>
    <subfield code="x">Texts.</subfield>
  </datafield>
</record>