

<record xmlns="http://www.loc.gov/MARC21/slim"
xmlns:xsi="http://www.w3.org/2001/XMLSchema-instance"
xsi:schemaLocation="http://www.loc.gov/MARC21/slim
http://www.loc.gov/standards/marcxml/schema/MARC21slim.xsd">
  <leader>01306nam a2200217K  4500</leader>
  <controlfield tag="001">001381005-7</controlfield>
  <controlfield tag="005">20020606090541.3</controlfield>
  <controlfield tag="008">810609s1971    ii            00010 tib d</controlfield>
  <datafield tag="035" ind1="0" ind2=" ">
    <subfield code="a">ocm07489429</subfield>
  </datafield>
  <datafield tag="040" ind1=" " ind2=" ">
    <subfield code="a">CLE</subfield>
    <subfield code="c">CLE</subfield>
    <subfield code="d">CRL</subfield>
  </datafield>
  <datafield tag="100" ind1="0" ind2=" ">
    <subfield code="a">Dkon-mchog-&apos;jigs-med-dbaṅ-po,</subfield>
    <subfield code="d">(1728-1791)</subfield>
  </datafield>
  <datafield tag="245" ind1="1" ind2="4">
    <subfield code="a">The collected works of Dkon-mchog&apos;jigs-med-dbaṅ-po,</subfield>
    <subfield code="b">the second &apos;Jam-dbyaǹs-bźad-pa of La-Braǹ Bkra-śis-&apos;khyil;</subfield>
    <subfield code="c">reproduced from prints from the Bkra-śis-ǩhyil blocks by Ngawang Gelek Demo.</subfield>
  </datafield>
  <datafield tag="260" ind1="0" ind2=" ">
    <subfield code="a">New Delhi</subfield>
    <subfield code="b">[Ngawang Gelek Demo]</subfield>
    <subfield code="c">1971.</subfield>
  </datafield>
  <datafield tag="300" ind1=" " ind2=" ">
    <subfield code="a">12 v.</subfield>
  </datafield>
  <datafield tag="440" ind1=" " ind2="0">
    <subfield code="a">Gadan Sungrab Minyam Gyunphel series,</subfield>
    <subfield code="v">v. 21-32.</subfield>
  </datafield>
  <datafield tag="500" ind1=" " ind2=" ">
    <subfield code="a">Text in Tibetan; introductory matter in English.</subfield>
  </datafield>
  <datafield tag="500" ind1=" " ind2=" ">
    <subfield code="a">Photographic reproduction of xylographic prints arranged with five rectos to the page followed by the corresponding five versos on the facing page.</subfield>
  </datafield>
  <datafield tag="520" ind1=" " ind2=" ">
    <subfield code="a">Vol. 1: Biographies of Dkon-mchog-ʾjigs-med-dbaṅ-po by Guṅ-thaṅ Dkon-mchog-bstan-paʾi-sgron-me, 1762-1823; v. 2: Biographical works on the previous embodiments of ʾJamdbyaṅs-bźad-pa and Lcaṅ-skya lines, biographies of Braggýab Chuṅ-tshaṅ Bskal-bzaṅ-thub-bstan-dbaṅ-phyug, 1741-1774, Kloṅ-rdol Ṅag-dbaṅ-blo-bzaṅ, 1719-1794, and the successive abbots of [?]</subfield>
  </datafield>
  <datafield tag="710" ind1="2" ind2=" ">
    <subfield code="a">Ngawang Gelek Demo.</subfield>
  </datafield>
</record>