

<record xmlns="http://www.loc.gov/MARC21/slim"
xmlns:xsi="http://www.w3.org/2001/XMLSchema-instance"
xsi:schemaLocation="http://www.loc.gov/MARC21/slim
http://www.loc.gov/standards/marcxml/schema/MARC21slim.xsd">
  <leader>01857nam a2200349Ii 4500</leader>
  <controlfield tag="001">001502420-2</controlfield>
  <controlfield tag="005">20020606090541.3</controlfield>
  <controlfield tag="008">801002s1975    bt a          00010ctibod</controlfield>
  <datafield tag="010" ind1=" " ind2=" ">
    <subfield code="a">   75904287</subfield>
  </datafield>
  <datafield tag="020" ind1=" " ind2=" ">
    <subfield code="c">Rs300.00 per volume.</subfield>
  </datafield>
  <datafield tag="020" ind1=" " ind2=" ">
    <subfield code="c">Rs300.00 per volume.</subfield>
  </datafield>
  <datafield tag="035" ind1="0" ind2=" ">
    <subfield code="a">ocm06780234</subfield>
  </datafield>
  <datafield tag="040" ind1=" " ind2=" ">
    <subfield code="a">IUL</subfield>
    <subfield code="c">IUL</subfield>
    <subfield code="d">CRL</subfield>
  </datafield>
  <datafield tag="043" ind1=" " ind2=" ">
    <subfield code="a">a-bt---</subfield>
  </datafield>
  <datafield tag="050" ind1=" " ind2=" ">
    <subfield code="a">BQ966.A467</subfield>
    <subfield code="b">A33 1975</subfield>
  </datafield>
  <datafield tag="100" ind1="0" ind2="1">
    <subfield code="a">ʾJam-dbyaṅs Dpal-ldan-rgya-mtsho,</subfield>
    <subfield code="c">Gtsaṅ Mkhan-chen,</subfield>
    <subfield code="d">1610-1684.</subfield>
  </datafield>
  <datafield tag="245" ind1="1" ind2="0">
    <subfield code="a">Bstan pa d̓zin pai̓ skyes bu thams cad kyi rnam par thar pa la gus śiṅ rjes su j̓ug pai̓ rtogs brjod pha rol tu phyin pa daṅ gzuṅs daṅ tiṅ ne d̓zin gyi sgo maṅ po rim par phye bai̓ gtam :</subfield>
    <subfield code="b">the autobiography of Gtsaṅ Mkhan-chen J̓am -dbyaṅs Dpal-ldan-rgya-mtsho. Dpal ldan bla ma dam pa Grags pa rgya mtshoi̓ rnam par thar pa dad pai̓ sgo rab tu byed par byed pai̓ dge bai̓ lde mig : the autobiography of Gtsaṅ Mkhan-chen&apos;s disciple Grags-pa-rgya-mtsho.</subfield>
  </datafield>
  <datafield tag="246" ind1="3" ind2=" ">
    <subfield code="a">Dpal ldan bla ma dam pa Grags-pa-rgya-mtshoi̓ rnam par thar pa.</subfield>
  </datafield>
  <datafield tag="246" ind1="3" ind2=" ">
    <subfield code="a">Dad pai̓ sgo rab tu b̓yed par byed pai̓ dge bai̓ lde mig.</subfield>
  </datafield>
  <datafield tag="260" ind1="0" ind2=" ">
    <subfield code="a">Thimphu :</subfield>
    <subfield code="b">Kunsang Tobgay,</subfield>
    <subfield code="c">1975.</subfield>
  </datafield>
  <datafield tag="300" ind1=" " ind2=" ">
    <subfield code="a">2 v. :</subfield>
    <subfield code="b">ill. ;</subfield>
    <subfield code="c">28 x 37 cm.</subfield>
  </datafield>
  <datafield tag="500" ind1=" " ind2=" ">
    <subfield code="a">In Tibetan; preface in English.</subfield>
  </datafield>
  <datafield tag="500" ind1=" " ind2=" ">
    <subfield code="a">Cover title: Autobiographies of Gtsaṅ Mkhan-chen and Grags-pa-rgya-mtsho.</subfield>
  </datafield>
  <datafield tag="500" ind1=" " ind2=" ">
    <subfield code="a">&quot;Reproduced from rare mss. from Skyabs-khra Mtshams-brag Dgon-pa.&quot;</subfield>
  </datafield>
  <datafield tag="520" ind1=" " ind2=" ">
    <subfield code="a">Biographies of two Bhutanese Lamas of the Kargyudpa tradition.</subfield>
  </datafield>
  <datafield tag="600" ind1="0" ind2="0">
    <subfield code="a">Grags-pa-rgya-mtsho,</subfield>
    <subfield code="d">1646-1719.</subfield>
  </datafield>
  <datafield tag="650" ind1=" " ind2="0">
    <subfield code="a">Bkaʾ-rgyud-pa lamas</subfield>
    <subfield code="z">Bhutan</subfield>
    <subfield code="v">Biography.</subfield>
  </datafield>
  <datafield tag="650" ind1=" " ind2="0">
    <subfield code="a">Tibetan language</subfield>
    <subfield code="x">Texts.</subfield>
  </datafield>
  <datafield tag="700" ind1="0" ind2=" ">
    <subfield code="a">Grags-pa-rgya-mtsho,</subfield>
    <subfield code="d">1646-1719.</subfield>
    <subfield code="t">Dpal ldan bla ma dam pa Grags-pa-rgya-mtshoi̓ rnam par thar pa dad pai̓ sgo rab tu b̓yed par byed pai̓ dge bai̓ lde mig.</subfield>
  </datafield>
</record>