

<record xmlns="http://www.loc.gov/MARC21/slim"
xmlns:xsi="http://www.w3.org/2001/XMLSchema-instance"
xsi:schemaLocation="http://www.loc.gov/MARC21/slim
http://www.loc.gov/standards/marcxml/schema/MARC21slim.xsd">
  <leader>01686nam a2200349Ia 4500</leader>
  <controlfield tag="001">001502595-0</controlfield>
  <controlfield tag="005">20020606090541.3</controlfield>
  <controlfield tag="008">820807s1974    ii a          00010btib d</controlfield>
  <datafield tag="010" ind1=" " ind2=" ">
    <subfield code="a">   74901881</subfield>
  </datafield>
  <datafield tag="020" ind1=" " ind2=" ">
    <subfield code="c">Rs300.00</subfield>
  </datafield>
  <datafield tag="020" ind1=" " ind2=" ">
    <subfield code="c">Rs300.00</subfield>
  </datafield>
  <datafield tag="035" ind1="0" ind2=" ">
    <subfield code="a">ocm08671099</subfield>
  </datafield>
  <datafield tag="040" ind1=" " ind2=" ">
    <subfield code="a">IUL</subfield>
    <subfield code="c">IUL</subfield>
    <subfield code="d">m/c</subfield>
    <subfield code="d">CRL</subfield>
  </datafield>
  <datafield tag="043" ind1=" " ind2=" ">
    <subfield code="a">a-cc-ti</subfield>
  </datafield>
  <datafield tag="090" ind1=" " ind2=" ">
    <subfield code="a">BQ974.A318</subfield>
    <subfield code="b">J36 1974</subfield>
  </datafield>
  <datafield tag="100" ind1="0" ind2=" ">
    <subfield code="a">ʾJam-dbyaṅs Dpal-ldan-rgya-mtsho,</subfield>
    <subfield code="c">Gtsaṅ Mkhan-chen,</subfield>
    <subfield code="d">1610-1684.</subfield>
  </datafield>
  <datafield tag="245" ind1="1" ind2="0">
    <subfield code="a">Dpal ʾBrug pa Rin po che Ṅag dbaṅ rnam rgyal gyi rnam thar rgyas pa Chos kyi sprin chen poʾi dbyaṅs :</subfield>
    <subfield code="b">the detailed biography of the First Źabs-druṅ Rin-po-che of Bhutan, Ṅag-dbaṅ-rnam-rgyal (Ṅag-dbaṅ-bdud-ʾjoms-rdo-rje) /</subfield>
    <subfield code="c">by Gtsaṅ Mkhan-chen ʾJam-dbyaṅs Dpal-ldan-rgya-mtsho.</subfield>
  </datafield>
  <datafield tag="246" ind1="3" ind2=" ">
    <subfield code="a">Biography of the First Źabs-druṅ.</subfield>
  </datafield>
  <datafield tag="260" ind1="0" ind2=" ">
    <subfield code="a">Delhi :</subfield>
    <subfield code="b">Topden Tshering,</subfield>
    <subfield code="c">1974 ;</subfield>
    <subfield code="a">Dolanji :</subfield>
    <subfield code="b">Tibetan Bonpo Monastic Centre [distributor]</subfield>
  </datafield>
  <datafield tag="300" ind1=" " ind2=" ">
    <subfield code="a">807 columns :</subfield>
    <subfield code="b">ill. ;</subfield>
    <subfield code="c">28 x 36 cm.</subfield>
  </datafield>
  <datafield tag="500" ind1=" " ind2=" ">
    <subfield code="a">In Tibetan; pref. in English.</subfield>
  </datafield>
  <datafield tag="500" ind1=" " ind2=" ">
    <subfield code="a">&quot;Reproduced from a print from the Punakha blocks (carved about 1800) preserved in the Beling Monastery in Lahul, H.P.&quot;</subfield>
  </datafield>
  <datafield tag="500" ind1=" " ind2=" ">
    <subfield code="a">Includes biography of Rdo-rje-gdan-pa, disciple of Ṅag-dbaṅ-rnam-rgyal.</subfield>
  </datafield>
  <datafield tag="500" ind1=" " ind2=" ">
    <subfield code="a">Spine title: Biography of the First Zabs-druṅ.</subfield>
  </datafield>
  <datafield tag="520" ind1=" " ind2=" ">
    <subfield code="a">Life of the heirarch of Rwa-luṅ, Ṅag-dbaṅ-rnam-rgyal, 1st Źabs-druṅ of Bhutan, 1594-1651.</subfield>
  </datafield>
  <datafield tag="600" ind1="0" ind2="0">
    <subfield code="a">Ṅag-dbaṅ-rnam-rgyal,</subfield>
    <subfield code="c">Źabs-druṅ I,</subfield>
    <subfield code="d">1594-1651.</subfield>
  </datafield>
  <datafield tag="600" ind1="0" ind2="0">
    <subfield code="a">Rdo-rje-gdan-pa Mi-pham-tshe-dbaṅ-bstan-ʾdzin,</subfield>
    <subfield code="d">1574-1643.</subfield>
  </datafield>
  <datafield tag="650" ind1=" " ind2="0">
    <subfield code="a">ʾBrug-pa lamas</subfield>
    <subfield code="z">Bhutan</subfield>
    <subfield code="v">Biography.</subfield>
  </datafield>
  <datafield tag="650" ind1=" " ind2="0">
    <subfield code="a">Tibetan language</subfield>
    <subfield code="x">Texts.</subfield>
  </datafield>
</record>