

<record xmlns="http://www.loc.gov/MARC21/slim"
xmlns:xsi="http://www.w3.org/2001/XMLSchema-instance"
xsi:schemaLocation="http://www.loc.gov/MARC21/slim
http://www.loc.gov/standards/marcxml/schema/MARC21slim.xsd">
  <leader>01509nam a2200337Ia 4500</leader>
  <controlfield tag="001">001502607-8</controlfield>
  <controlfield tag="005">20020606090541.3</controlfield>
  <controlfield tag="008">820903s1974    ii a          00010btib d</controlfield>
  <datafield tag="010" ind1=" " ind2=" ">
    <subfield code="a">   75900300</subfield>
  </datafield>
  <datafield tag="020" ind1=" " ind2=" ">
    <subfield code="c">Rs300.00</subfield>
  </datafield>
  <datafield tag="020" ind1=" " ind2=" ">
    <subfield code="c">Rs300.00</subfield>
  </datafield>
  <datafield tag="035" ind1="0" ind2=" ">
    <subfield code="a">ocm08746080</subfield>
  </datafield>
  <datafield tag="040" ind1=" " ind2=" ">
    <subfield code="a">IUL</subfield>
    <subfield code="c">IUL</subfield>
    <subfield code="d">CRL</subfield>
  </datafield>
  <datafield tag="043" ind1=" " ind2=" ">
    <subfield code="a">a-cc-ti</subfield>
  </datafield>
  <datafield tag="050" ind1="0" ind2=" ">
    <subfield code="a">BQ968.U597</subfield>
    <subfield code="b">K37</subfield>
  </datafield>
  <datafield tag="100" ind1="0" ind2=" ">
    <subfield code="a">Karma-tshogs-gñis-rgya-mtsho,</subfield>
    <subfield code="c">Zur-maṅ Mkhan-po.</subfield>
  </datafield>
  <datafield tag="245" ind1="1" ind2="0">
    <subfield code="a">Grub dbaṅ Bde chen rdo rjeʾi rnam thar Bsam gyis mi khyab pa las sa bon tsam spel ba Źiṅ khams rgya mtshoʾi rgyan :</subfield>
    <subfield code="b">the biography of Dpal-me Mkhyen-brtse Kun-bzaṅ-ʾgro-ʾdul /</subfield>
    <subfield code="c">by Zur-maṅ Mkhan-po Karma-tshogs-gñis-rgya-mtsho.</subfield>
  </datafield>
  <datafield tag="246" ind1="3" ind2=" ">
    <subfield code="a">Źiṅ khams rgya mtshoʾi rgyan.</subfield>
  </datafield>
  <datafield tag="260" ind1="0" ind2=" ">
    <subfield code="a">New Delhi :</subfield>
    <subfield code="b">Gyur-med-bśad-sgrub-dar-rgyas,</subfield>
    <subfield code="c">1974.</subfield>
  </datafield>
  <datafield tag="300" ind1=" " ind2=" ">
    <subfield code="a">739 columns :</subfield>
    <subfield code="b">ill. ;</subfield>
    <subfield code="c">28 x 36 cm.</subfield>
  </datafield>
  <datafield tag="500" ind1=" " ind2=" ">
    <subfield code="a">In Tibetan; pref. in English.</subfield>
  </datafield>
  <datafield tag="500" ind1=" " ind2=" ">
    <subfield code="a">&quot;Reproduced from a print from the Mer-chen Lhun-grub-gling blocks.&quot;</subfield>
  </datafield>
  <datafield tag="500" ind1=" " ind2=" ">
    <subfield code="a">Cover title: The Biography of Dpal-me Mkhyen-brtse Kun-bzaṅ-ʾgro-ʾdul.</subfield>
  </datafield>
  <datafield tag="520" ind1=" " ind2=" ">
    <subfield code="a">Biography of the religious master Kun-bzaṅ-ʾgro-ʾdul, 1897-1946, one of the reembodiments of the Ris-med master ʾJam-dbyaṅs Mkhyen-brtseʾi-dbaṅ-po, 1820-1892.</subfield>
  </datafield>
  <datafield tag="600" ind1="0" ind2="0">
    <subfield code="a">Kun-bzaṅ-ʾgro-ʾdul,</subfield>
    <subfield code="c">Dpal-me Mkhyen-brtse,</subfield>
    <subfield code="d">1897-1946.</subfield>
  </datafield>
  <datafield tag="650" ind1=" " ind2="0">
    <subfield code="a">Kar-ma-pa lamas</subfield>
    <subfield code="z">China</subfield>
    <subfield code="z">Tibet Autonomous Region</subfield>
    <subfield code="v">Biography.</subfield>
  </datafield>
  <datafield tag="650" ind1=" " ind2="0">
    <subfield code="a">Rñiṅ-ma-pa lamas</subfield>
    <subfield code="z">China</subfield>
    <subfield code="z">Tibet Autonomous Region</subfield>
    <subfield code="v">Biography.</subfield>
  </datafield>
  <datafield tag="650" ind1=" " ind2="0">
    <subfield code="a">Tibetan language</subfield>
    <subfield code="x">Texts.</subfield>
  </datafield>
</record>