

<record xmlns="http://www.loc.gov/MARC21/slim"
xmlns:xsi="http://www.w3.org/2001/XMLSchema-instance"
xsi:schemaLocation="http://www.loc.gov/MARC21/slim
http://www.loc.gov/standards/marcxml/schema/MARC21slim.xsd">
  <leader>02207nam a2200361Ia 4500</leader>
  <controlfield tag="001">001570541-2</controlfield>
  <controlfield tag="005">20020606090541.3</controlfield>
  <controlfield tag="008">811008s1973    ii a          00010atibod</controlfield>
  <datafield tag="010" ind1=" " ind2=" ">
    <subfield code="a">   73900829</subfield>
  </datafield>
  <datafield tag="020" ind1=" " ind2=" ">
    <subfield code="c">Rs300.00</subfield>
  </datafield>
  <datafield tag="020" ind1=" " ind2=" ">
    <subfield code="c">Rs300.00</subfield>
  </datafield>
  <datafield tag="035" ind1="0" ind2=" ">
    <subfield code="a">ocm07828698</subfield>
  </datafield>
  <datafield tag="040" ind1=" " ind2=" ">
    <subfield code="a">IUL</subfield>
    <subfield code="c">IUL</subfield>
    <subfield code="d">m/c</subfield>
    <subfield code="d">CRL</subfield>
  </datafield>
  <datafield tag="043" ind1=" " ind2=" ">
    <subfield code="a">a-cc-ti</subfield>
  </datafield>
  <datafield tag="050" ind1=" " ind2=" ">
    <subfield code="a">BQ968.O57</subfield>
    <subfield code="b">A3 1973</subfield>
  </datafield>
  <datafield tag="100" ind1="0" ind2="1">
    <subfield code="a">Koṅ-sprul Blo-gros-mthaʾ-yas,</subfield>
    <subfield code="d">1813-1899.</subfield>
  </datafield>
  <datafield tag="245" ind1="1" ind2="4">
    <subfield code="a">The autobiography of ʾJam-mgon Koṅ-sprul Blo-gros-mthaʾ-yas /</subfield>
    <subfield code="c">completed and supplemented by his disciple Gnas-gsar Bkra-ʾphel (ʾJam-dbyaṅs-chos-Kyi-ñi-ma-blo-gros-rgyas-paʾi-sde).</subfield>
  </datafield>
  <datafield tag="246" ind1="3" ind2=" ">
    <subfield code="a">Phyogs med Ris med kyi bstan pa la ʾdun śiṅ ... Blo-gros-mthaʾ-yas byuṅ brjod.</subfield>
  </datafield>
  <datafield tag="246" ind1="3" ind2=" ">
    <subfield code="a">ʾDu śes gsum ldan spoṅ ba paʾi gzugs brñan Padma-gar-gyi-dbaṅ-phyug-phrin-las-ʾgro-ʾdul-rtsal gyi rtogs brjod.</subfield>
  </datafield>
  <datafield tag="260" ind1="0" ind2=" ">
    <subfield code="a">Bir (Himachal Pradesh) :</subfield>
    <subfield code="b">Tibetan Khampa Industrial Society,</subfield>
    <subfield code="c">1973.</subfield>
  </datafield>
  <datafield tag="300" ind1=" " ind2=" ">
    <subfield code="a">501 columns :</subfield>
    <subfield code="b">ill. ;</subfield>
    <subfield code="c">27 x 37 cm.</subfield>
  </datafield>
  <datafield tag="500" ind1=" " ind2=" ">
    <subfield code="a">In Tibetan; pref. in English.</subfield>
  </datafield>
  <datafield tag="500" ind1=" " ind2=" ">
    <subfield code="a">Reproduced from a xylograph from Dpal-spuṅs blocks.</subfield>
  </datafield>
  <datafield tag="500" ind1=" " ind2=" ">
    <subfield code="a">Includes the text of ʾDu śes gsum ldan spoṅ ba paʾi gzugs brñan Padma-gar-gyi-dbaṅ-phyug-phrin-las-ʾgro-ʾdul-rtsal gyi rtogs pa brjod paʾi dum bu Smrig rgyuʾi bdud rtsi and Bkra-ʾphel&apos;s supplement, the Phyogs med Ris med kyi bstan pa la ʾdun śiṅ Dge-sbyoṅ-gi-gzugs-brñan-ʾchaṅ-ba Blo-gros-mthaʾ-yas kyi sdeʾi byuṅ ba brjod pa Nor bu sna tshogs mdog can.</subfield>
  </datafield>
  <datafield tag="500" ind1=" " ind2=" ">
    <subfield code="a">Reproduction of Tibetan text arranged with four rectos to the page followed by the corresponding four versos on the facing page.</subfield>
  </datafield>
  <datafield tag="520" ind1=" " ind2=" ">
    <subfield code="a">Account of the career of a Khampa religious leader, a proponent of the eclectic approach in Tibetan Lamaism; includes brief biographies of previous embodiments of the author.</subfield>
  </datafield>
  <datafield tag="650" ind1=" " ind2="0">
    <subfield code="a">Rñiṅ-ma-pa lamas</subfield>
    <subfield code="z">China</subfield>
    <subfield code="z">Tibet Autonomous Region</subfield>
    <subfield code="v">Biography.</subfield>
  </datafield>
  <datafield tag="650" ind1=" " ind2="0">
    <subfield code="a">Tibetan language</subfield>
    <subfield code="x">Texts.</subfield>
  </datafield>
  <datafield tag="700" ind1="0" ind2="2">
    <subfield code="a">ʾJam-dbyaṅs-chos-kyi-ñi-ma-blo-gros-rgyas-paʾi-sde.</subfield>
  </datafield>
  <datafield tag="700" ind1="0" ind2="2">
    <subfield code="a">Koṅ-sprul Blo-gros-mthaʾ-yas,</subfield>
    <subfield code="d">1813-1899.</subfield>
    <subfield code="t">ʾDu śes gsum ldan spoṅ ba paʾi gzugs brñan Padma-gar-gyi-dbaṅ-phyug-phrin-las-ʾgro-ʾdul-rtsal gyi rtogs brjod.</subfield>
  </datafield>
</record>