

<record xmlns="http://www.loc.gov/MARC21/slim"
xmlns:xsi="http://www.w3.org/2001/XMLSchema-instance"
xsi:schemaLocation="http://www.loc.gov/MARC21/slim
http://www.loc.gov/standards/marcxml/schema/MARC21slim.xsd">
  <leader>01499nam a2200349Ia 4500</leader>
  <controlfield tag="001">001579886-0</controlfield>
  <controlfield tag="005">20020606090541.3</controlfield>
  <controlfield tag="008">830328s1973    ii a          00010 tib d</controlfield>
  <datafield tag="010" ind1=" " ind2=" ">
    <subfield code="a">   74900028</subfield>
  </datafield>
  <datafield tag="020" ind1=" " ind2=" ">
    <subfield code="c">Rs300.00</subfield>
  </datafield>
  <datafield tag="020" ind1=" " ind2=" ">
    <subfield code="c">Rs300.00</subfield>
  </datafield>
  <datafield tag="035" ind1="0" ind2=" ">
    <subfield code="a">ocm09351047</subfield>
  </datafield>
  <datafield tag="040" ind1=" " ind2=" ">
    <subfield code="a">IUL</subfield>
    <subfield code="c">IUL</subfield>
    <subfield code="d">m/c</subfield>
    <subfield code="d">CRL</subfield>
  </datafield>
  <datafield tag="043" ind1=" " ind2=" ">
    <subfield code="a">a-cc-ti</subfield>
  </datafield>
  <datafield tag="090" ind1=" " ind2=" ">
    <subfield code="a">BQ7662.4</subfield>
    <subfield code="b">.M35 1973</subfield>
  </datafield>
  <datafield tag="100" ind1="0" ind2=" ">
    <subfield code="a">Mchog-gyur-gliṅ-pa,</subfield>
    <subfield code="c">Gter-ston,</subfield>
    <subfield code="d">1829-1870.</subfield>
  </datafield>
  <datafield tag="240" ind1="1" ind2="0">
    <subfield code="a">Bla maʾi thugs sgrub bar chad kun sel.</subfield>
    <subfield code="k">Selections</subfield>
  </datafield>
  <datafield tag="245" ind1="1" ind2="0">
    <subfield code="a">Bla maʾi thugs sgrub bar chad kun sel chos skor :</subfield>
    <subfield code="b">texts recovered from their place of concealment at Zla-ñin-kha-la-roṅ-sgo /</subfield>
    <subfield code="c">by Mchog-gyur-gliṅ-pa.</subfield>
  </datafield>
  <datafield tag="246" ind1="3" ind2=" ">
    <subfield code="a">Thugs sgrub bar chad kun sel chos skor.</subfield>
  </datafield>
  <datafield tag="260" ind1="0" ind2=" ">
    <subfield code="a">New Delhi :</subfield>
    <subfield code="b">Karma Chhophel,</subfield>
    <subfield code="c">1973.</subfield>
  </datafield>
  <datafield tag="300" ind1=" " ind2=" ">
    <subfield code="a">511 columns :</subfield>
    <subfield code="b">ill. ;</subfield>
    <subfield code="c">27 x 36 cm.</subfield>
  </datafield>
  <datafield tag="500" ind1=" " ind2=" ">
    <subfield code="a">In Tibetan; pref. in English.</subfield>
  </datafield>
  <datafield tag="500" ind1=" " ind2=" ">
    <subfield code="a">&quot;Reproduced from a tracing from a print from Eastern Tibetan blocks.&quot;</subfield>
  </datafield>
  <datafield tag="500" ind1=" " ind2=" ">
    <subfield code="a">Spine title: Thugs sgrub bar chad kun sel chos skor.</subfield>
  </datafield>
  <datafield tag="505" ind1="0" ind2=" ">
    <subfield code="a">Lo rgyus chos kyi mdo byaṅ -- Źal gdams sñiṅ byaṅ Yid bźin nor bu -- Phrin las ʾbriṅ po -- Skoṅ ba bsdus pa G ýu źal ma / Koṅ-sprul Blo-gros-mthaʾ-yas -- Phrin las sñiṅ poʾi rnal ʾbyor.</subfield>
  </datafield>
  <datafield tag="520" ind1=" " ind2=" ">
    <subfield code="a">Esoteric teachings of the 19th century Nyingmapa and Rimay (Ris-med) tradition.</subfield>
  </datafield>
  <datafield tag="650" ind1=" " ind2="0">
    <subfield code="a">Guru worship (Rite)</subfield>
  </datafield>
  <datafield tag="650" ind1=" " ind2="0">
    <subfield code="a">Rñiṅ-ma-pa (Sect)</subfield>
    <subfield code="x">Rituals.</subfield>
  </datafield>
  <datafield tag="650" ind1=" " ind2="0">
    <subfield code="a">Tibetan language</subfield>
    <subfield code="x">Texts.</subfield>
  </datafield>
</record>