

<record xmlns="http://www.loc.gov/MARC21/slim"
xmlns:xsi="http://www.w3.org/2001/XMLSchema-instance"
xsi:schemaLocation="http://www.loc.gov/MARC21/slim
http://www.loc.gov/standards/marcxml/schema/MARC21slim.xsd">
  <leader>01536cam a2200361Ia 4500</leader>
  <controlfield tag="001">001584634-2</controlfield>
  <controlfield tag="005">20070702071754.0</controlfield>
  <controlfield tag="008">790326s1969    ii            00010atib d</controlfield>
  <datafield tag="010" ind1=" " ind2=" ">
    <subfield code="a">   74905516</subfield>
  </datafield>
  <datafield tag="020" ind1=" " ind2=" ">
    <subfield code="c">Rs225.00</subfield>
  </datafield>
  <datafield tag="020" ind1=" " ind2=" ">
    <subfield code="c">Rs225.00</subfield>
  </datafield>
  <datafield tag="035" ind1="0" ind2=" ">
    <subfield code="a">ocm04782897</subfield>
  </datafield>
  <datafield tag="040" ind1=" " ind2=" ">
    <subfield code="a">IUL</subfield>
    <subfield code="c">IUL</subfield>
    <subfield code="d">m/c</subfield>
    <subfield code="d">CRL</subfield>
  </datafield>
  <datafield tag="043" ind1=" " ind2=" ">
    <subfield code="a">a-cc-ti</subfield>
  </datafield>
  <datafield tag="045" ind1=" " ind2=" ">
    <subfield code="a">w7x4</subfield>
  </datafield>
  <datafield tag="090" ind1=" " ind2=" ">
    <subfield code="a">BQ974.A3</subfield>
    <subfield code="b">N3 1969</subfield>
  </datafield>
  <datafield tag="100" ind1="0" ind2=" ">
    <subfield code="a">Ṅag-dbaṅ-dpal-bzaṅ,</subfield>
    <subfield code="c">Mkhan-po,</subfield>
    <subfield code="d">1879-1941.</subfield>
  </datafield>
  <datafield tag="240" ind1="1" ind2="0">
    <subfield code="a">ʾOd-gsal-rin-chen-sñiṅ-po Padma-las-ʾbrel-rtsal gyi rtogs brjod Ṅo mtshar sgyu maʾi rol gar</subfield>
  </datafield>
  <datafield tag="245" ind1="1" ind2="4">
    <subfield code="a">The autobiographical reminiscences of Ngag-dbang-dpal-bzang, late abbot of Kaḥ-thog Monastery /</subfield>
    <subfield code="c">critically edited from three original Tibetan texts by Bya-bral Sangs-rgyas-rdo-rje ; with an English preface by E. Gene Smith.</subfield>
  </datafield>
  <datafield tag="246" ind1="3" ind2=" ">
    <subfield code="a">No mtshar sgyu maʾi rol gar.</subfield>
  </datafield>
  <datafield tag="260" ind1="0" ind2=" ">
    <subfield code="a">Gangtok :</subfield>
    <subfield code="b">Sonam T. Kazi,</subfield>
    <subfield code="c">1969.</subfield>
  </datafield>
  <datafield tag="300" ind1=" " ind2=" ">
    <subfield code="a">20, 293 columns ;</subfield>
    <subfield code="c">29 x 41 cm.</subfield>
  </datafield>
  <datafield tag="440" ind1=" " ind2="0">
    <subfield code="a">Ngagyur Nyingmay Sungrab ;</subfield>
    <subfield code="v">v.1</subfield>
  </datafield>
  <datafield tag="500" ind1=" " ind2=" ">
    <subfield code="a">In cursive Tibetan; preface in English &amp; Tibetan.</subfield>
  </datafield>
  <datafield tag="500" ind1=" " ind2=" ">
    <subfield code="a">Cover title: Autobiography of Ngag-dbang-dpal-bzang, abbot of Kah-thog Monastery.</subfield>
  </datafield>
  <datafield tag="500" ind1=" " ind2=" ">
    <subfield code="a">Reproduction of a cursive Tibetan manuscript arranged with four rectos to the page followed by the corresponding four versos on the facing page.</subfield>
  </datafield>
  <datafield tag="650" ind1=" " ind2="0">
    <subfield code="a">Rñiṅ-ma-pa lamas</subfield>
    <subfield code="z">China</subfield>
    <subfield code="z">Tibet Autonomous Region</subfield>
    <subfield code="v">Biography.</subfield>
  </datafield>
  <datafield tag="650" ind1=" " ind2="0">
    <subfield code="a">Tibetan language</subfield>
    <subfield code="x">Texts.</subfield>
  </datafield>
  <datafield tag="700" ind1="0" ind2=" ">
    <subfield code="a">Saṅs-rgyas-rdo-rje,</subfield>
    <subfield code="c">Bya-bral.</subfield>
  </datafield>
  <datafield tag="700" ind1="1" ind2=" ">
    <subfield code="a">Smith, E. Gene</subfield>
    <subfield code="q">(Ellis Gene),</subfield>
    <subfield code="d">1936-</subfield>
  </datafield>
</record>