

<record xmlns="http://www.loc.gov/MARC21/slim"
xmlns:xsi="http://www.w3.org/2001/XMLSchema-instance"
xsi:schemaLocation="http://www.loc.gov/MARC21/slim
http://www.loc.gov/standards/marcxml/schema/MARC21slim.xsd">
  <leader>02179nam a2200349Ii 4500</leader>
  <controlfield tag="001">001584700-4</controlfield>
  <controlfield tag="005">20020606090541.3</controlfield>
  <controlfield tag="008">790913s1975    ii            00010btib d</controlfield>
  <datafield tag="010" ind1=" " ind2=" ">
    <subfield code="a">   75906626</subfield>
  </datafield>
  <datafield tag="020" ind1=" " ind2=" ">
    <subfield code="c">Rs300.00 per vol.</subfield>
  </datafield>
  <datafield tag="020" ind1=" " ind2=" ">
    <subfield code="c">Rs300.00 per vol.</subfield>
  </datafield>
  <datafield tag="035" ind1="0" ind2=" ">
    <subfield code="a">ocm05369513</subfield>
  </datafield>
  <datafield tag="040" ind1=" " ind2=" ">
    <subfield code="a">IUL</subfield>
    <subfield code="c">IUL</subfield>
    <subfield code="d">m.c.</subfield>
    <subfield code="d">CRL</subfield>
  </datafield>
  <datafield tag="045" ind1=" " ind2=" ">
    <subfield code="a">v1v9</subfield>
  </datafield>
  <datafield tag="090" ind1=" " ind2=" ">
    <subfield code="a">BQ974.A32</subfield>
    <subfield code="b">L5 1975</subfield>
  </datafield>
  <datafield tag="245" ind1="0" ind2="4">
    <subfield code="a">The life and works of ʾKhrul-źig Ṅag-dbaṅ-tshe-riṅ.</subfield>
  </datafield>
  <datafield tag="260" ind1="0" ind2=" ">
    <subfield code="a">Delhi :</subfield>
    <subfield code="b">Topdon Tshering ;</subfield>
    <subfield code="a">Dolanji, H.P. :</subfield>
    <subfield code="b">distributed by the Tibetan Bonpo Monstic Centre,</subfield>
    <subfield code="c">1975.</subfield>
  </datafield>
  <datafield tag="300" ind1=" " ind2=" ">
    <subfield code="a">2 v. ;</subfield>
    <subfield code="c">10 x 39 cm.</subfield>
  </datafield>
  <datafield tag="500" ind1=" " ind2=" ">
    <subfield code="a">Text in Tibetan; preface in English.</subfield>
  </datafield>
  <datafield tag="500" ind1=" " ind2=" ">
    <subfield code="a">&quot;Reproduced from a manuscript collection preserved at Rdzoṅ-khul Monastery in Zaṅs-dkar.&quot;</subfield>
  </datafield>
  <datafield tag="505" ind1="0" ind2=" ">
    <subfield code="a">v. 1. Tshul-khrims-ʾbyuṅ-gnas. Dpal ldan bla ma dam pa ʾKhrul źig rin po che Ṅag dbaṅ tshe riṅ gi rnam thar Kun tu bzaṅ poʾi zlos gar yid kyi bcud len. Rnal ʾbyor dbaṅ Ṅag dbaṅ tshe riṅ gi rnam par thar pa smad du byuṅ ba ṅo mtshar baʾi stod. Bsod-nams-ʾbrug-rgyas. Rnal ʾbyor dbaṅ po Ṅag dbaṅ tshe riṅ gi sku bstod ñuṅ bsdus. ʾGro baʾi dge skul ma niʾi mgo brgyan gźan phan sñiṅ gi bdud rtsi ʾgro baʾi dpal gter. Ṅag dbaṅ rnam rgyal gyi rnam mthar bsdus pa skye rabs. Dben gnas ri khrod pa rnams kyi khrims su bcaʾ ba tshe ʾdir mchog gi go ʾphaṅ la ʾdzeg paʾi them skas. Miscellaneous smaller writings.--v. 2. Rnal ʾbyor gyi dbaṅ phyug bla ma Ṅag dbaṅ tshe riṅ gi rnam par thar pa daṅ mgur ʾbum. Rnal ʾbyor dbaṅ po Ṅag dbaṅ tshe riṅ gi mgur gyi rim pa ran gros lcags debs dan gźan phan sñin gi bdud rtsi daṅ bcas pa kha thor ʾgaʾ yaṅ chu thigs tsam cig.</subfield>
  </datafield>
  <datafield tag="520" ind1=" " ind2=" ">
    <subfield code="a">Life and works of a religious leader of the Drukpa Kargyudpa sect from zangskar in Ladakh.</subfield>
  </datafield>
  <datafield tag="600" ind1="0" ind2="0">
    <subfield code="a">Ṅag-dbaṅ-tshe-riṅ,</subfield>
    <subfield code="c">ʾKhrul-źig,</subfield>
    <subfield code="d">1717-1794.</subfield>
  </datafield>
  <datafield tag="600" ind1="0" ind2="0">
    <subfield code="a">Ṅag-dbaṅ-bstan-ʾdzin-rnam-rgyal.</subfield>
  </datafield>
  <datafield tag="650" ind1=" " ind2="0">
    <subfield code="a">ʾBrug-pa lamas</subfield>
    <subfield code="v">Biography.</subfield>
  </datafield>
  <datafield tag="650" ind1=" " ind2="0">
    <subfield code="a">ʾBrug-pa (Sect)</subfield>
  </datafield>
  <datafield tag="700" ind1="0" ind2=" ">
    <subfield code="a">Ṅag-dbaṅ-tshe-riṅ,</subfield>
    <subfield code="c">ʾKhrul-źig,</subfield>
    <subfield code="d">1717-1794.</subfield>
  </datafield>
  <datafield tag="700" ind1="0" ind2=" ">
    <subfield code="a">Bźad-pa-rdo-rje,</subfield>
    <subfield code="c">ʾJam-mgon-bla-ma.</subfield>
  </datafield>
  <datafield tag="700" ind1="0" ind2=" ">
    <subfield code="a">Bsod-nams-ʾbrug-rgyas.</subfield>
  </datafield>
</record>