

<record xmlns="http://www.loc.gov/MARC21/slim"
xmlns:xsi="http://www.w3.org/2001/XMLSchema-instance"
xsi:schemaLocation="http://www.loc.gov/MARC21/slim
http://www.loc.gov/standards/marcxml/schema/MARC21slim.xsd">
  <leader>01744nam a2200361Ia 4500</leader>
  <controlfield tag="001">001585077-3</controlfield>
  <controlfield tag="005">20020606090541.3</controlfield>
  <controlfield tag="008">830831s1972    ii            00010 tibod</controlfield>
  <datafield tag="010" ind1=" " ind2=" ">
    <subfield code="a">   72906985</subfield>
  </datafield>
  <datafield tag="020" ind1=" " ind2=" ">
    <subfield code="c">Rs300.00</subfield>
  </datafield>
  <datafield tag="020" ind1=" " ind2=" ">
    <subfield code="c">Rs300.00</subfield>
  </datafield>
  <datafield tag="035" ind1="0" ind2=" ">
    <subfield code="a">ocm09864223</subfield>
  </datafield>
  <datafield tag="040" ind1=" " ind2=" ">
    <subfield code="a">IUL</subfield>
    <subfield code="c">IUL</subfield>
    <subfield code="d">m/c</subfield>
    <subfield code="d">CRL</subfield>
  </datafield>
  <datafield tag="043" ind1=" " ind2=" ">
    <subfield code="a">a-cc-ti</subfield>
  </datafield>
  <datafield tag="090" ind1=" " ind2=" ">
    <subfield code="a">BQ7805</subfield>
    <subfield code="b">.N34 1972</subfield>
  </datafield>
  <datafield tag="100" ind1="0" ind2=" ">
    <subfield code="a">Ṅag-dbaṅ-dpal-bzaṅ,</subfield>
    <subfield code="c">Mkhan-po,</subfield>
    <subfield code="d">1879-1941.</subfield>
  </datafield>
  <datafield tag="245" ind1="1" ind2="0">
    <subfield code="a">Three works on the structure of Rdzogs-chen (Atiyoga) practice /</subfield>
    <subfield code="c">by Mkhan-po Ngag-dbang-dpal-bzang of Kah-thog.</subfield>
  </datafield>
  <datafield tag="246" ind1="3" ind2=" ">
    <subfield code="a">Gźi khregs chod skabs kyi zin bris Bstan-paʾi-ñi-maʾi źal luṅ sñan brgyud Chu boʾi bcud ʾdus.</subfield>
  </datafield>
  <datafield tag="246" ind1="3" ind2=" ">
    <subfield code="a">Chu boʾi bcud ʾdus.</subfield>
  </datafield>
  <datafield tag="260" ind1="0" ind2=" ">
    <subfield code="a">New Delhi :</subfield>
    <subfield code="b">B. Jamyang Norbu,</subfield>
    <subfield code="c">1972.</subfield>
  </datafield>
  <datafield tag="300" ind1=" " ind2=" ">
    <subfield code="a">441 columns ;</subfield>
    <subfield code="c">26 x 37 cm.</subfield>
  </datafield>
  <datafield tag="500" ind1=" " ind2=" ">
    <subfield code="a">In cursive Tibetan; pref. in English.</subfield>
  </datafield>
  <datafield tag="500" ind1=" " ind2=" ">
    <subfield code="a">&quot;Reproduced from rare manuscripts in the possession of Smyo-shul Mkhan-po.&quot;</subfield>
  </datafield>
  <datafield tag="505" ind1="0" ind2=" ">
    <subfield code="a">Gźi khregs chod skabs kyi zin bris Bstan-paʾi-ñi-maʾi źal luṅ -- Śin tu gsaṅ ba chen po thod rgal sñan brgyud kyi zin bris Kun-tu-bzaṅ-poʾi dgoṅs rgyan -- Rdzogs pa chen po bla ma yaṅ tig las gñis kaʾi yaṅ yig Nam mkhaʾ kloṅ chen gyi rnam bśad.</subfield>
  </datafield>
  <datafield tag="520" ind1=" " ind2=" ">
    <subfield code="a">On the theory and practice of the Dzogchen approach to Buddhist realitzation.</subfield>
  </datafield>
  <datafield tag="600" ind1="0" ind2="0">
    <subfield code="a">ʾJigs-med-bstan-paʾi-ñi-ma,</subfield>
    <subfield code="c">Rdo Grub-chen III,</subfield>
    <subfield code="d">1865?-1926.</subfield>
  </datafield>
  <datafield tag="600" ind1="0" ind2="0">
    <subfield code="a">Kloṅ-chen-pa Dri-med-ʾod-zer,</subfield>
    <subfield code="d">1308-1363.</subfield>
    <subfield code="t">Sñiṅ thig ya bźi.</subfield>
    <subfield code="k">Selections.</subfield>
  </datafield>
  <datafield tag="650" ind1=" " ind2="0">
    <subfield code="a">Rdzogs chen.</subfield>
  </datafield>
  <datafield tag="650" ind1=" " ind2="0">
    <subfield code="a">Tibetan language</subfield>
    <subfield code="x">Texts.</subfield>
  </datafield>
  <datafield tag="700" ind1="0" ind2="2">
    <subfield code="a">Ṅag-dbaṅ-dpal-bzaṅ,</subfield>
    <subfield code="c">Mkhan-po,</subfield>
    <subfield code="d">1879-1941.</subfield>
    <subfield code="t">Gźi khregs chod skabs kyi zin bris Bstan-paʾi-ñi-maʾi źal luṅ sñan brgyud.</subfield>
  </datafield>
</record>