

<record xmlns="http://www.loc.gov/MARC21/slim"
xmlns:xsi="http://www.w3.org/2001/XMLSchema-instance"
xsi:schemaLocation="http://www.loc.gov/MARC21/slim
http://www.loc.gov/standards/marcxml/schema/MARC21slim.xsd">
  <leader>01908cam a2200409Ia 4500</leader>
  <controlfield tag="001">001585083-8</controlfield>
  <controlfield tag="005">20020606090541.3</controlfield>
  <controlfield tag="008">830920s1972    ii            00010 tib d</controlfield>
  <datafield tag="010" ind1=" " ind2=" ">
    <subfield code="a">   72900793</subfield>
  </datafield>
  <datafield tag="020" ind1=" " ind2=" ">
    <subfield code="c">Rs300.00 per volume</subfield>
  </datafield>
  <datafield tag="020" ind1=" " ind2=" ">
    <subfield code="c">Rs300.00 per volume</subfield>
  </datafield>
  <datafield tag="035" ind1="0" ind2=" ">
    <subfield code="a">ocm09927122</subfield>
  </datafield>
  <datafield tag="040" ind1=" " ind2=" ">
    <subfield code="a">IUL</subfield>
    <subfield code="c">IUL</subfield>
    <subfield code="d">m/c</subfield>
    <subfield code="d">CRL</subfield>
  </datafield>
  <datafield tag="043" ind1=" " ind2=" ">
    <subfield code="a">a-cc-ti</subfield>
  </datafield>
  <datafield tag="090" ind1=" " ind2=" ">
    <subfield code="a">BQ7685.2</subfield>
    <subfield code="b">.N3 1972</subfield>
  </datafield>
  <datafield tag="100" ind1="2" ind2=" ">
    <subfield code="a">Ṅag-dbaṅ-rnam-rgyal, Stag-luṅ-pa,</subfield>
    <subfield code="d">1571-1626.</subfield>
  </datafield>
  <datafield tag="240" ind1="1" ind2="0">
    <subfield code="a">Chos ʼbyuṅ Ṅo mtshar rgya mtsho</subfield>
  </datafield>
  <datafield tag="245" ind1="1" ind2="0">
    <subfield code="a">Chos ʼbyung Ngo mtshar rgya mtsho :</subfield>
    <subfield code="b">a detailed account of the development of Buddhism in Tibet with special emphasis on the Stag-lung Bkaʼ-brgyud-pa /</subfield>
    <subfield code="c">by Stag-lung-pa Ngag-dbang-rnam-rgyal and supplemented by Ngag-dbang-bstan-paʼi-nyi-ma ; edited by Khams-sprul Don-brgyud-nyi-ma.</subfield>
  </datafield>
  <datafield tag="246" ind1="3" ind2=" ">
    <subfield code="a">Yid ches skyed par byed pa brgyud pa.</subfield>
  </datafield>
  <datafield tag="246" ind1="3" ind2=" ">
    <subfield code="a">Yid bźin nor buʼi rtogs brjod.</subfield>
  </datafield>
  <datafield tag="246" ind1="3" ind2=" ">
    <subfield code="a">Ṅo mtshar rgya mtsho.</subfield>
  </datafield>
  <datafield tag="260" ind1="0" ind2=" ">
    <subfield code="a">Palampur :</subfield>
    <subfield code="b">Sungrab Nyamso Gyunpel Parkhang,</subfield>
    <subfield code="c">1972.</subfield>
  </datafield>
  <datafield tag="300" ind1=" " ind2=" ">
    <subfield code="a">2 v. ;</subfield>
    <subfield code="c">27 x 36 cm.</subfield>
  </datafield>
  <datafield tag="500" ind1=" " ind2=" ">
    <subfield code="a">In Tibetan; pref. in English.</subfield>
  </datafield>
  <datafield tag="500" ind1=" " ind2=" ">
    <subfield code="a">Title on p.2: Yid ches skyed par byed pa brgyud pa Yid bźin nor buʼi rtogs pa brjod paʼi legs par bśad pa Ṅo mtshar rgya mtsho.</subfield>
  </datafield>
  <datafield tag="500" ind1=" " ind2=" ">
    <subfield code="a">Cover title: Chos ʼbyuṅ Ṅo mtshar rgya mtsho.</subfield>
  </datafield>
  <datafield tag="500" ind1=" " ind2=" ">
    <subfield code="a">Photographic reproduction of text arranged with four rectos to the page followed by the corresponding four versos on the facing page.</subfield>
  </datafield>
  <datafield tag="520" ind1=" " ind2=" ">
    <subfield code="a">Largely concerned with the monasteries of Byaṅ Stagluṅ adn Dbyi-śod Ri-bo-che, to 1824.</subfield>
  </datafield>
  <datafield tag="650" ind1=" " ind2="0">
    <subfield code="a">Stag-luṅ-pa (Sect)</subfield>
    <subfield code="x">History.</subfield>
  </datafield>
  <datafield tag="650" ind1=" " ind2="0">
    <subfield code="a">Buddhism</subfield>
    <subfield code="z">China</subfield>
    <subfield code="z">Tibet Autonomous Region</subfield>
    <subfield code="x">History.</subfield>
  </datafield>
  <datafield tag="650" ind1=" " ind2="0">
    <subfield code="a">Stag-luṅ-pa (Sect)</subfield>
    <subfield code="x">Bio-bibliography.</subfield>
  </datafield>
  <datafield tag="650" ind1=" " ind2="0">
    <subfield code="a">Tibetan language</subfield>
    <subfield code="x">Texts.</subfield>
  </datafield>
  <datafield tag="700" ind1="0" ind2=" ">
    <subfield code="a">Ṅag-dbaṅ-bstan-paʼi-ñi-ma,</subfield>
    <subfield code="d">1788-</subfield>
  </datafield>
  <datafield tag="700" ind1="0" ind2=" ">
    <subfield code="a">Don-brgyud-ñi-ma,</subfield>
    <subfield code="c">Khams-sprul VIII,</subfield>
    <subfield code="d">1931-</subfield>
  </datafield>
</record>