

<record xmlns="http://www.loc.gov/MARC21/slim"
xmlns:xsi="http://www.w3.org/2001/XMLSchema-instance"
xsi:schemaLocation="http://www.loc.gov/MARC21/slim
http://www.loc.gov/standards/marcxml/schema/MARC21slim.xsd">
  <leader>01083nam a2200301Ia 4500</leader>
  <controlfield tag="001">001593144-7</controlfield>
  <controlfield tag="005">20020606090541.3</controlfield>
  <controlfield tag="008">830621s1968    ii            00010 tib d</controlfield>
  <datafield tag="010" ind1=" " ind2=" ">
    <subfield code="a">   77904087</subfield>
  </datafield>
  <datafield tag="020" ind1=" " ind2=" ">
    <subfield code="c">Rs2.00</subfield>
  </datafield>
  <datafield tag="020" ind1=" " ind2=" ">
    <subfield code="c">Rs2.00</subfield>
  </datafield>
  <datafield tag="035" ind1="0" ind2=" ">
    <subfield code="a">ocm09629226</subfield>
  </datafield>
  <datafield tag="040" ind1=" " ind2=" ">
    <subfield code="a">IUL</subfield>
    <subfield code="c">IUL</subfield>
    <subfield code="d">m/c</subfield>
    <subfield code="d">CRL</subfield>
  </datafield>
  <datafield tag="043" ind1=" " ind2=" ">
    <subfield code="a">a-cc-ti</subfield>
  </datafield>
  <datafield tag="090" ind1=" " ind2=" ">
    <subfield code="a">BQ7662.4</subfield>
    <subfield code="b">.M65 1968</subfield>
  </datafield>
  <datafield tag="100" ind1="0" ind2=" ">
    <subfield code="a">Mkhyen-brtseʾi-dbaṅ-po,</subfield>
    <subfield code="c">ʾJam-dbyaṅs,</subfield>
    <subfield code="d">1820-1892.</subfield>
  </datafield>
  <datafield tag="245" ind1="1" ind2="0">
    <subfield code="a">Rtsa gsum spyi ʾdus sñiṅ tig las :</subfield>
    <subfield code="b">Phrin las ye śes lam bzaṅ ; a liturgical text from the Rtsa gsum spyi ʾdus sñiṅ tig cycle /</subfield>
    <subfield code="c">revealed by ʾJam-dbyaṅs Mkhyen-brtse.</subfield>
  </datafield>
  <datafield tag="246" ind1="3" ind2=" ">
    <subfield code="a">Phrin las ye śes lam bzaṅ.</subfield>
  </datafield>
  <datafield tag="260" ind1="0" ind2=" ">
    <subfield code="a">Kelang :</subfield>
    <subfield code="b">s.n.,</subfield>
    <subfield code="c">1968.</subfield>
  </datafield>
  <datafield tag="300" ind1=" " ind2=" ">
    <subfield code="a">10 [i.e. 19] p. ;</subfield>
    <subfield code="c">11 x 30 cm.</subfield>
  </datafield>
  <datafield tag="500" ind1=" " ind2=" ">
    <subfield code="a">In Tibetan.</subfield>
  </datafield>
  <datafield tag="500" ind1=" " ind2=" ">
    <subfield code="a">&quot;Printed from the blocks preserved in the Bho-gar Monastery.&quot;</subfield>
  </datafield>
  <datafield tag="650" ind1=" " ind2="0">
    <subfield code="a">Rñiṅ-ma-pa (Sect)</subfield>
    <subfield code="x">Rituals.</subfield>
  </datafield>
  <datafield tag="650" ind1=" " ind2="0">
    <subfield code="a">Tibetan language</subfield>
    <subfield code="x">Texts.</subfield>
  </datafield>
  <datafield tag="700" ind1="0" ind2="2">
    <subfield code="a">Mkhyen-brtseʾi-dbaṅ-po,</subfield>
    <subfield code="c">ʾJam-dbyaṅs,</subfield>
    <subfield code="d">1820-1892.</subfield>
    <subfield code="t">Phrin las ye śes lam bzaṅ.</subfield>
  </datafield>
</record>