

<record xmlns="http://www.loc.gov/MARC21/slim"
xmlns:xsi="http://www.w3.org/2001/XMLSchema-instance"
xsi:schemaLocation="http://www.loc.gov/MARC21/slim
http://www.loc.gov/standards/marcxml/schema/MARC21slim.xsd">
  <leader>02283nam a2200337Ii 4500</leader>
  <controlfield tag="001">001604881-4</controlfield>
  <controlfield tag="005">20020606090541.3</controlfield>
  <controlfield tag="008">790914s1973    ii       b    00000 tib d</controlfield>
  <datafield tag="020" ind1=" " ind2=" ">
    <subfield code="c">Rs300.00</subfield>
  </datafield>
  <datafield tag="020" ind1=" " ind2=" ">
    <subfield code="c">Rs300.00</subfield>
  </datafield>
  <datafield tag="035" ind1="0" ind2=" ">
    <subfield code="a">ocm05374536</subfield>
  </datafield>
  <datafield tag="040" ind1=" " ind2=" ">
    <subfield code="a">IUL</subfield>
    <subfield code="c">IUL</subfield>
    <subfield code="d">m/c</subfield>
    <subfield code="d">CRL</subfield>
  </datafield>
  <datafield tag="090" ind1=" " ind2=" ">
    <subfield code="a">BQ7665.4</subfield>
    <subfield code="b">.V3</subfield>
  </datafield>
  <datafield tag="245" ind1="0" ind2="4">
    <subfield code="a">The Vajrakīla rites as practiced by the ʼKhon lineage of Sa-skya :</subfield>
    <subfield code="b">being the detailed exegesis of the sādhana and gtor-bzlog of ʼJam-mgon A-myes-źabs Kun-dgaʼ-bsod-nams and the notes on the sacred dance (ʼchams) of Sṅags-ʼchaṅ Kun-dgaʼ-rin-chen.</subfield>
  </datafield>
  <datafield tag="246" ind1="3" ind2=" ">
    <subfield code="a">ʼKhon lugs Phur paʼi rnam bśad.</subfield>
  </datafield>
  <datafield tag="260" ind1="0" ind2=" ">
    <subfield code="a">New Delhi :</subfield>
    <subfield code="b">[s.n.],</subfield>
    <subfield code="c">1973.</subfield>
  </datafield>
  <datafield tag="300" ind1=" " ind2=" ">
    <subfield code="a">[4] leaves, [209] p. ;</subfield>
    <subfield code="c">28 x 37 cm.</subfield>
  </datafield>
  <datafield tag="500" ind1=" " ind2=" ">
    <subfield code="a">Cover title: ʼKhon lugs Phur paʼi rnam bśad. ʼChams yig brjed byaṅ.</subfield>
  </datafield>
  <datafield tag="500" ind1=" " ind2=" ">
    <subfield code="a">&quot;Reproduced from manuscript copies of the ancient Sa-skya xylographic prints by Ngawang Sopa.&quot;</subfield>
  </datafield>
  <datafield tag="500" ind1=" " ind2=" ">
    <subfield code="a">Text in Tibetan; preface in English.</subfield>
  </datafield>
  <datafield tag="504" ind1=" " ind2=" ">
    <subfield code="a">Appendices (leaves [3]-[4]): 1. Bibliography of important works on the Vajrakīla rites according to the practice of the ʼKhon lineage (ʼKhon lugs) of Sa-skya.--2. Important synthetic studies on the various esoteric cycles practiced by followers of the Sa-skya-pa tradition written by ʼJam-mgon A-myes-zhabs Kun-dgaʼ-bsod-nams.</subfield>
  </datafield>
  <datafield tag="520" ind1=" " ind2=" ">
    <subfield code="a">Esoteric teachings of the Sakyapa sect of Tibetan Lamaism.</subfield>
  </datafield>
  <datafield tag="650" ind1=" " ind2="0">
    <subfield code="a">Sa-skya-pa (Sect)</subfield>
    <subfield code="x">Rituals.</subfield>
  </datafield>
  <datafield tag="650" ind1=" " ind2="0">
    <subfield code="a">Vajrakīla (Buddhist deity)</subfield>
    <subfield code="x">Cult</subfield>
    <subfield code="z">China</subfield>
    <subfield code="z">Tibet Autonomous Region.</subfield>
  </datafield>
  <datafield tag="650" ind1=" " ind2="0">
    <subfield code="a">Tibetan language</subfield>
    <subfield code="x">Texts.</subfield>
  </datafield>
  <datafield tag="700" ind1="0" ind2="2">
    <subfield code="a">Ṅag-dbaṅ-kun-dgaʼ-bsod-nams,</subfield>
    <subfield code="c">ʼJam-mgon A-myes-źabs,</subfield>
    <subfield code="d">1597-approximately 1662.</subfield>
    <subfield code="t">Bcom ldan ʼdas Rdo rje gźon nuʼi gdams pa ñams len gyi chu bo chen po sgrub paʼi thabs kyi rnam par bśad pa ʼphrin las kyi padmo rab tu rgyas paʼi ñin byed.</subfield>
  </datafield>
  <datafield tag="700" ind1="0" ind2="2">
    <subfield code="a">Ṅag-dbaṅ-kun-dgaʼ-bsod-nams,</subfield>
    <subfield code="c">ʼJam-mgon A-myes-źabs,</subfield>
    <subfield code="d">1597-approximately 1662.</subfield>
    <subfield code="t">Dpal Rdo rje gźon nuʼi gtor bzlog dgra bgegs kun ʼjoms kyi gsal byed gnam lcags rdo rjeʼi dpal gyi rnam par bśad pa bdud sde ʼjoms paʼi ye śes kyi me chen ʼphrin las kyi ʼod zer kun tu ʼphro ba.</subfield>
  </datafield>
  <datafield tag="700" ind1="0" ind2="2">
    <subfield code="a">Kun-dgaʼ-rin-chen,</subfield>
    <subfield code="c">Sa-skya Sṅags-ʼchaṅ Chen-mo,</subfield>
    <subfield code="d">1517-1584.</subfield>
    <subfield code="t">Rdo rje Phur bu dṅos grub char ʼbebs kyi ʼchams kyi brjed byaṅ snaṅ ba ʼgyur thub.</subfield>
  </datafield>
</record>