

<record xmlns="http://www.loc.gov/MARC21/slim"
xmlns:xsi="http://www.w3.org/2001/XMLSchema-instance"
xsi:schemaLocation="http://www.loc.gov/MARC21/slim
http://www.loc.gov/standards/marcxml/schema/MARC21slim.xsd">
  <leader>02423nam a2200385Ia 4500</leader>
  <controlfield tag="001">001605269-2</controlfield>
  <controlfield tag="005">20020606090541.3</controlfield>
  <controlfield tag="008">831018s1974    ii a          00010 tib d</controlfield>
  <datafield tag="010" ind1=" " ind2=" ">
    <subfield code="a">   74901473</subfield>
  </datafield>
  <datafield tag="020" ind1=" " ind2=" ">
    <subfield code="c">Rs300.00</subfield>
  </datafield>
  <datafield tag="020" ind1=" " ind2=" ">
    <subfield code="c">Rs300.00</subfield>
  </datafield>
  <datafield tag="035" ind1="0" ind2=" ">
    <subfield code="a">ocm10027640</subfield>
  </datafield>
  <datafield tag="040" ind1=" " ind2=" ">
    <subfield code="a">IUL</subfield>
    <subfield code="c">IUL</subfield>
    <subfield code="d">m/c</subfield>
    <subfield code="d">CRL</subfield>
  </datafield>
  <datafield tag="043" ind1=" " ind2=" ">
    <subfield code="a">a-cc-ti</subfield>
  </datafield>
  <datafield tag="050" ind1="0" ind2=" ">
    <subfield code="a">BQ7400</subfield>
    <subfield code="b">.N6</subfield>
  </datafield>
  <datafield tag="100" ind1="0" ind2=" ">
    <subfield code="a">Ṅor-rje-ras-pa.</subfield>
  </datafield>
  <datafield tag="245" ind1="1" ind2="0">
    <subfield code="a">Bstan sñiṅ yig cha =</subfield>
    <subfield code="b">Theg chen bstan paʾi byuṅ tshul and Theg chen bstan paʾi sñiṅ po ; a synthetic treatise on the essential concepts of Mahāyāna Bucchism /</subfield>
    <subfield code="c">by Ṅo-rje-ras-pa (Źe-sdaṅ-rdo-rje).</subfield>
  </datafield>
  <datafield tag="246" ind1="3" ind2=" ">
    <subfield code="a">Theg chen bstan paʾi byuṅ tshul.</subfield>
  </datafield>
  <datafield tag="246" ind1="3" ind2=" ">
    <subfield code="a">Theg chen bstan paʾi sñiṅ po. Selections.</subfield>
  </datafield>
  <datafield tag="260" ind1="0" ind2=" ">
    <subfield code="a">Bir, H.P. :</subfield>
    <subfield code="b">Bir Tibetan Society,</subfield>
    <subfield code="c">1974.</subfield>
  </datafield>
  <datafield tag="300" ind1=" " ind2=" ">
    <subfield code="a">820 columns :</subfield>
    <subfield code="b">ill. ;</subfield>
    <subfield code="c">28 x 37 cm.</subfield>
  </datafield>
  <datafield tag="500" ind1=" " ind2=" ">
    <subfield code="a">In Tibetan; pref. in English.</subfield>
  </datafield>
  <datafield tag="500" ind1=" " ind2=" ">
    <subfield code="a">&quot;Reproduced from a manuscript tracing of a print from the ʾBri-guṅ Thil blocks belonging to Ven. Rtogs-ldan Tshaṅ by D. Tsondu Senghe.&quot;</subfield>
  </datafield>
  <datafield tag="505" ind1="0" ind2=" ">
    <subfield code="a">Chos-rje ʾJig-rten-gsum-gyi-mgon-po rin-po-cheʾi rnam thar / Źe-sdaṅ-rdo-rje -- Rnam par thar pa Mos gus kyi gsal byed / Dharmaʾi-miṅ-ʾdzin-pa -- Dge legs phun tshogs ma / Sgam-po-pa Maṅga-laʾi-miṅ-can -- Bstan pa ʾbyuṅ tshul gyi bsdus don / Źe-sdaṅ-rdo-rje -- Theg chen bstan paʾi byuṅ tshul gsal bar bstan pa / Źe-sdaṅ-rje -- Theg chen bstan paʾi byuṅ tshul gsal bar bstan pa / Źe-sdan-rdo-rje -- Theg chen bstan paʾi sñiṅ poʾi don gyi sa bcad / Źe-sdaṅ-rdo-rje -- Theg chen bstan paʾi sñiṅ poʾi gźu ̇/ Ṅo-rje-ras-pa -- Theg chen bstan paʾi sñiṅ poʾi Legs bśad luṅ gi rgya mtsho / Źe-sdaṅ-rdo-rje -- Theg chen bstan paʾi sñiṅ poʾi gsal byed Sṅon byuṅ gi gleṅ gźi rnams / Źe-sdaṅ-rdo-rje.</subfield>
  </datafield>
  <datafield tag="520" ind1=" " ind2=" ">
    <subfield code="a">Treatise belonging to the Drikung Kargyudpa sect of Tibetan Lamaism, written by a disciple of ʾBri-guṅ Skyob-pa ʾJig-rten-mgon-po Rin-chen-dpal, 1143-1217.</subfield>
  </datafield>
  <datafield tag="600" ind1="0" ind2="0">
    <subfield code="a">ʾBri-guṅ Chos-rje ʾJig-rten-mgon-po,</subfield>
    <subfield code="d">1143-1217.</subfield>
    <subfield code="t">Theg-chen bstan paʾi sñiṅ po.</subfield>
  </datafield>
  <datafield tag="650" ind1=" " ind2="0">
    <subfield code="a">Mahayana Buddhism</subfield>
    <subfield code="x">Doctrines.</subfield>
  </datafield>
  <datafield tag="650" ind1=" " ind2="0">
    <subfield code="a">ʾBri-guṅ-pa (Sect)</subfield>
    <subfield code="x">Doctrines.</subfield>
  </datafield>
  <datafield tag="650" ind1=" " ind2="0">
    <subfield code="a">ʾBri-guṅ-pa (Sect)</subfield>
  </datafield>
  <datafield tag="650" ind1=" " ind2="0">
    <subfield code="a">ʾBri-guṅ-pa (Sect)</subfield>
    <subfield code="x">Bio-bibliography.</subfield>
  </datafield>
  <datafield tag="650" ind1=" " ind2="0">
    <subfield code="a">Tibetan language</subfield>
    <subfield code="x">Texts.</subfield>
  </datafield>
  <datafield tag="700" ind1="0" ind2="2">
    <subfield code="a">ʾBri-guṅ Chos-rje ʾJig-rten-mgon-po,</subfield>
    <subfield code="d">1143-1217.</subfield>
    <subfield code="t">theg chen bstan paʾi sñiṅ po.</subfield>
    <subfield code="k">Selections.</subfield>
  </datafield>
</record>