

<record xmlns="http://www.loc.gov/MARC21/slim"
xmlns:xsi="http://www.w3.org/2001/XMLSchema-instance"
xsi:schemaLocation="http://www.loc.gov/MARC21/slim
http://www.loc.gov/standards/marcxml/schema/MARC21slim.xsd">
  <leader>00938cam a2200241Ia 4500</leader>
  <controlfield tag="001">001725041-2</controlfield>
  <controlfield tag="005">20020606090541.3</controlfield>
  <controlfield tag="008">830621s1980    cc       d    00000 tibrd</controlfield>
  <datafield tag="020" ind1=" " ind2=" ">
    <subfield code="c">RMBY3.50</subfield>
  </datafield>
  <datafield tag="035" ind1="0" ind2=" ">
    <subfield code="a">ocm09627465</subfield>
  </datafield>
  <datafield tag="040" ind1=" " ind2=" ">
    <subfield code="a">NSA</subfield>
    <subfield code="c">NSA</subfield>
    <subfield code="d">PIT</subfield>
    <subfield code="d">HMY</subfield>
  </datafield>
  <datafield tag="041" ind1="0" ind2=" ">
    <subfield code="a">tibchi</subfield>
  </datafield>
  <datafield tag="090" ind1=" " ind2=" ">
    <subfield code="a">PL3637</subfield>
    <subfield code="b">.B63</subfield>
  </datafield>
  <datafield tag="245" ind1="0" ind2="0">
    <subfield code="a">Bod rgya śan sbyar rgyun mkhoi tshig mdzod =</subfield>
    <subfield code="b">Tsang han tui chao chʾang yung tzʾu hui /</subfield>
    <subfield code="c">Hsi-tsang min tsu hsüeh yüan yü kʻo tsang wen chiao yen tsu pien.</subfield>
  </datafield>
  <datafield tag="246" ind1="3" ind2=" ">
    <subfield code="a">Tsang han tui chao chʾang yung tzʾu hui.</subfield>
  </datafield>
  <datafield tag="250" ind1=" " ind2=" ">
    <subfield code="a">Ti 1 pan.</subfield>
  </datafield>
  <datafield tag="260" ind1="0" ind2=" ">
    <subfield code="a">Chʻeng-tu shih :</subfield>
    <subfield code="b">Ssu-chʻuan min tsu chʻu pan she = Si khron mi rigs dpe-s̈krun khaṅ.</subfield>
    <subfield code="b">Ssu-chʻuan sheng hsin hua shu tien fa hsing,</subfield>
    <subfield code="c">1980.</subfield>
  </datafield>
  <datafield tag="300" ind1=" " ind2=" ">
    <subfield code="a">8, 20, 941 p. ;</subfield>
    <subfield code="c">19 cm.</subfield>
  </datafield>
  <datafield tag="650" ind1=" " ind2="0">
    <subfield code="a">Tibetan language</subfield>
    <subfield code="x">Dictionaries</subfield>
    <subfield code="x">Chinese.</subfield>
  </datafield>
  <datafield tag="710" ind1="2" ind2=" ">
    <subfield code="a">Hsi-tsang min tsu hsüeh yüan.</subfield>
    <subfield code="b">Yü kʻo tsang wen chiao yen tsu.</subfield>
  </datafield>
</record>