

<record xmlns="http://www.loc.gov/MARC21/slim"
xmlns:xsi="http://www.w3.org/2001/XMLSchema-instance"
xsi:schemaLocation="http://www.loc.gov/MARC21/slim
http://www.loc.gov/standards/marcxml/schema/MARC21slim.xsd">
  <leader>01773nam a2200421Ia 4500</leader>
  <controlfield tag="001">001736344-6</controlfield>
  <controlfield tag="005">20020606090541.3</controlfield>
  <controlfield tag="008">830329s1970    np            00010 tibod</controlfield>
  <datafield tag="010" ind1=" " ind2=" ">
    <subfield code="a">   71926242</subfield>
  </datafield>
  <datafield tag="020" ind1=" " ind2=" ">
    <subfield code="c">Rs10.00</subfield>
  </datafield>
  <datafield tag="020" ind1=" " ind2=" ">
    <subfield code="c">Rs10.00</subfield>
  </datafield>
  <datafield tag="035" ind1="0" ind2=" ">
    <subfield code="a">ocm09355826</subfield>
  </datafield>
  <datafield tag="040" ind1=" " ind2=" ">
    <subfield code="a">IUL</subfield>
    <subfield code="c">IUL</subfield>
    <subfield code="d">m/c</subfield>
    <subfield code="d">CRL</subfield>
  </datafield>
  <datafield tag="043" ind1=" " ind2=" ">
    <subfield code="a">a-cc-ti</subfield>
  </datafield>
  <datafield tag="090" ind1=" " ind2=" ">
    <subfield code="a">BQ4710.T34</subfield>
    <subfield code="b">T566 1970</subfield>
  </datafield>
  <datafield tag="100" ind1="0" ind2=" ">
    <subfield code="a">Mchog-gyur-gliṅ-pa,</subfield>
    <subfield code="c">Gter-ston,</subfield>
    <subfield code="d">1829-1870.</subfield>
  </datafield>
  <datafield tag="245" ind1="1" ind2="0">
    <subfield code="a">Dgoṅs gter Sgrol-maʾi zab thig las :</subfield>
    <subfield code="b">Maṇḍal cho ga tshogs gñis sñiṅ po źes bya ba bźugs so /</subfield>
    <subfield code="c">[Mchog-gliṅ]</subfield>
  </datafield>
  <datafield tag="246" ind1="3" ind2=" ">
    <subfield code="a">Sgrol-ma ñer gcig la bstod pa.</subfield>
  </datafield>
  <datafield tag="246" ind1="3" ind2=" ">
    <subfield code="a">Rje-btsun Sgrol-maʾi thugs dam gnad bskul gyi gsol ʾdebs.</subfield>
  </datafield>
  <datafield tag="246" ind1="3" ind2=" ">
    <subfield code="a">Sgrol-maʾi bzlog pa.</subfield>
  </datafield>
  <datafield tag="246" ind1="3" ind2=" ">
    <subfield code="a">Maṇḍal cho ga tshogs gñis sñiṅ po.</subfield>
  </datafield>
  <datafield tag="260" ind1="0" ind2=" ">
    <subfield code="a">S.l. :</subfield>
    <subfield code="b">s.n.,</subfield>
    <subfield code="c">[1970]</subfield>
  </datafield>
  <datafield tag="300" ind1=" " ind2=" ">
    <subfield code="a">9, 10, 6 [i.e. 18, 19, 11] p. ;</subfield>
    <subfield code="c">10 x 34 cm.</subfield>
  </datafield>
  <datafield tag="500" ind1=" " ind2=" ">
    <subfield code="a">In Tibetan.</subfield>
  </datafield>
  <datafield tag="500" ind1=" " ind2=" ">
    <subfield code="a">Stamped on t.p.: Mtho Dgon.</subfield>
  </datafield>
  <datafield tag="500" ind1=" " ind2=" ">
    <subfield code="a">Xylographs from blocks kept at Mtho-mthoṅ Dgon, Solu, Nepal.</subfield>
  </datafield>
  <datafield tag="505" ind1="2" ind2=" ">
    <subfield code="a">Sgrol-ma ñer gcig la bstod pa / Blo-gros-mthaʾ-yas -- Rje-btsun Sgrol-maʾi thugs dam gnad bskul gyi gsol ʾdebs / Ratna-gliṅ-pa -- Sgrol-maʾi bzlog pa.</subfield>
  </datafield>
  <datafield tag="650" ind1=" " ind2="0">
    <subfield code="a">Tārā (Goddess)</subfield>
    <subfield code="x">Cult</subfield>
    <subfield code="z">China</subfield>
    <subfield code="z">Tibet Autonomous Region.</subfield>
  </datafield>
  <datafield tag="650" ind1=" " ind2="0">
    <subfield code="a">Tārā (Goddess)</subfield>
    <subfield code="x">Prayers and devotions</subfield>
    <subfield code="x">Tibetan.</subfield>
  </datafield>
  <datafield tag="650" ind1=" " ind2="0">
    <subfield code="a">Mandala (Buddhism)</subfield>
  </datafield>
  <datafield tag="650" ind1=" " ind2="0">
    <subfield code="a">Rñiṅ-ma-pa (Sect)</subfield>
    <subfield code="x">Rituals.</subfield>
  </datafield>
  <datafield tag="650" ind1=" " ind2="0">
    <subfield code="a">Rñiṅ-ma-pa (Sect)</subfield>
    <subfield code="x">Prayers and devotions</subfield>
    <subfield code="x">Tibetan.</subfield>
  </datafield>
  <datafield tag="650" ind1=" " ind2="0">
    <subfield code="a">Tibetan language</subfield>
    <subfield code="x">Texts.</subfield>
  </datafield>
  <datafield tag="700" ind1="0" ind2="2">
    <subfield code="a">Koṅ-sprul Blo-gros-mthaʾ-yas,</subfield>
    <subfield code="d">1813-1899.</subfield>
    <subfield code="t">Sgrol-ma ñer gcig la bstod pa.</subfield>
  </datafield>
  <datafield tag="700" ind1="0" ind2="2">
    <subfield code="a">Ratna-gliṅ-pa Rin-chen-dpal-bzaṅ-po,</subfield>
    <subfield code="d">1403-1478.</subfield>
    <subfield code="t">Rje-btsun Sgrol-maʾi thugs dam gnad bskul gyi gsol ʾdebs.</subfield>
  </datafield>
</record>