

<record xmlns="http://www.loc.gov/MARC21/slim"
xmlns:xsi="http://www.w3.org/2001/XMLSchema-instance"
xsi:schemaLocation="http://www.loc.gov/MARC21/slim
http://www.loc.gov/standards/marcxml/schema/MARC21slim.xsd">
  <leader>01255nam a2200313Ii 4500</leader>
  <controlfield tag="001">001810516-5</controlfield>
  <controlfield tag="005">20090712113534.0</controlfield>
  <controlfield tag="008">800501s1975    ii            00010 tib d</controlfield>
  <datafield tag="010" ind1=" " ind2=" ">
    <subfield code="a">   75906729</subfield>
  </datafield>
  <datafield tag="020" ind1=" " ind2=" ">
    <subfield code="c">Rs300.00</subfield>
  </datafield>
  <datafield tag="020" ind1=" " ind2=" ">
    <subfield code="c">Rs300.00</subfield>
  </datafield>
  <datafield tag="035" ind1="0" ind2=" ">
    <subfield code="a">ocm06271583</subfield>
  </datafield>
  <datafield tag="040" ind1=" " ind2=" ">
    <subfield code="a">IUL</subfield>
    <subfield code="c">IUL</subfield>
    <subfield code="d">m.c.</subfield>
    <subfield code="d">m/c</subfield>
    <subfield code="d">CRL</subfield>
  </datafield>
  <datafield tag="090" ind1=" " ind2=" ">
    <subfield code="a">BQ3145</subfield>
    <subfield code="b">.S2 1975</subfield>
  </datafield>
  <datafield tag="100" ind1="0" ind2=" ">
    <subfield code="a">Sa-bzaṅ Ma-ti Paṇ-chen ʼJam-dbyaṅs-blo-gros.</subfield>
  </datafield>
  <datafield tag="245" ind1="1" ind2="0">
    <subfield code="a">Byaṅ chub sems dpaʼi spyod pa la ʼjug paʼi rnam bśad gźuṅ don rab gsal snaṅ ba :</subfield>
    <subfield code="b">a detailed exposition of the Bodhicaryāvatāra of Ācārya Śāntideva /</subfield>
    <subfield code="c">by Sa-bzaṅ Ma-ti Paṇ-chen ʼJam-dbyaṅs-blo-gros.</subfield>
  </datafield>
  <datafield tag="246" ind1="3" ind2=" ">
    <subfield code="a">Spyod ʼjug ʼgrel pa gźuṅ don rab gsal snaṅ ba.</subfield>
  </datafield>
  <datafield tag="246" ind1="3" ind2=" ">
    <subfield code="a">Gźuṅ don rab gsal snaṅ ba.</subfield>
  </datafield>
  <datafield tag="260" ind1="0" ind2=" ">
    <subfield code="a">Delhi :</subfield>
    <subfield code="b">Tashi Dorje ; distributor, Tibetan Bonpo Monastic Center, Dolanji, H.P.,</subfield>
    <subfield code="c">1975.</subfield>
  </datafield>
  <datafield tag="300" ind1=" " ind2=" ">
    <subfield code="a">[117] p. ;</subfield>
    <subfield code="c">27 x 37 cm.</subfield>
  </datafield>
  <datafield tag="500" ind1=" " ind2=" ">
    <subfield code="a">In Tibetan; preface in English.</subfield>
  </datafield>
  <datafield tag="500" ind1=" " ind2=" ">
    <subfield code="a">Cover title: Spyod ʼjug ʼgrel pa gźuṅ don rab gsal snaṅ ba.</subfield>
  </datafield>
  <datafield tag="500" ind1=" " ind2=" ">
    <subfield code="a">Known as: Gźuṅ don rab gsal snaṅ ba.</subfield>
  </datafield>
  <datafield tag="650" ind1=" " ind2="0">
    <subfield code="a">Tibetan language</subfield>
    <subfield code="v">Texts.</subfield>
  </datafield>
  <datafield tag="600" ind1="0" ind2="0">
    <subfield code="a">Śāntideva,</subfield>
    <subfield code="d">active 7th century.</subfield>
    <subfield code="t">Bodhicaryāvatāra.</subfield>
  </datafield>
  <datafield tag="650" ind1=" " ind2="0">
    <subfield code="a">Sa-skya-pa (Sect)</subfield>
  </datafield>
</record>