

<record xmlns="http://www.loc.gov/MARC21/slim"
xmlns:xsi="http://www.w3.org/2001/XMLSchema-instance"
xsi:schemaLocation="http://www.loc.gov/MARC21/slim
http://www.loc.gov/standards/marcxml/schema/MARC21slim.xsd">
  <leader>02073nam a2200337Ii 4500</leader>
  <controlfield tag="001">001834233-7</controlfield>
  <controlfield tag="005">20020606093309.7</controlfield>
  <controlfield tag="008">790507s1974    ii            00010 tibrd</controlfield>
  <datafield tag="010" ind1=" " ind2=" ">
    <subfield code="a">   74901808</subfield>
  </datafield>
  <datafield tag="020" ind1=" " ind2=" ">
    <subfield code="c">Rs300.00</subfield>
  </datafield>
  <datafield tag="020" ind1=" " ind2=" ">
    <subfield code="c">Rs300.00</subfield>
  </datafield>
  <datafield tag="035" ind1="0" ind2=" ">
    <subfield code="a">ocm04935612</subfield>
  </datafield>
  <datafield tag="040" ind1=" " ind2=" ">
    <subfield code="a">IUL</subfield>
    <subfield code="c">IUL</subfield>
    <subfield code="d">CRL</subfield>
  </datafield>
  <datafield tag="090" ind1=" " ind2=" ">
    <subfield code="a">BQ133</subfield>
    <subfield code="b">.P3 1974</subfield>
  </datafield>
  <datafield tag="100" ind1="0" ind2=" ">
    <subfield code="a">Padma-rig-ʾdzin,</subfield>
    <subfield code="c">Sa-smad Bla-ma Ñag-bla.</subfield>
  </datafield>
  <datafield tag="245" ind1="1" ind2="0">
    <subfield code="a">Chos thams cad kyi spyir brtags dkaʾi gnas kyi brjed byaṅ gsal bar ston pa rnam graṅs rgya mtshoʾi gter :</subfield>
    <subfield code="b">a thesaurus of religious terms and categories /</subfield>
    <subfield code="c">by Rdzogs-chen Padma-rig-ʾdzin. With other texts transcribed from a manuscript ledger (deb-ther) preserved in the library of Ri-bo-che Rje-druṅ / by Tseten Dorji.</subfield>
  </datafield>
  <datafield tag="246" ind1="3" ind2=" ">
    <subfield code="a">Chos kyi brjed byaṅ.</subfield>
  </datafield>
  <datafield tag="260" ind1="0" ind2=" ">
    <subfield code="a">Tezu, Arunachal :</subfield>
    <subfield code="b">Tibetan Nyingmapa Monastery,</subfield>
    <subfield code="c">1974.</subfield>
  </datafield>
  <datafield tag="300" ind1=" " ind2=" ">
    <subfield code="a">[155] p. ;</subfield>
    <subfield code="c">28 x 36 cm.</subfield>
  </datafield>
  <datafield tag="500" ind1=" " ind2=" ">
    <subfield code="a">Title on spine: Chos kyi brjed byaṅ.</subfield>
  </datafield>
  <datafield tag="500" ind1=" " ind2=" ">
    <subfield code="a">Text in Tibetan in cursive script; preface in English.</subfield>
  </datafield>
  <datafield tag="500" ind1=" " ind2=" ">
    <subfield code="a">Preface attributes text to the First Rdzogs-chen Bla-ma; but Gangtok ed. of 1977 prefers attribution to Sa-smad Bla-ma Ñag-bla.</subfield>
  </datafield>
  <datafield tag="505" ind1="2" ind2=" ">
    <subfield code="a">Rmons paʾi blun chos ʾdag gos bya spu can.--Mthar thug rdzogs pa chen po saṅs rgyas thabs zab mo thams su len pa sgom pa raṅ grol.--Gsol ʾdebs.--Thugs dam gnas bskul.--Sbas yul bsgrod paʾi gsol ʾdebs He-ru-kaʾi lpags mo.--Gsol ʾdebs byin rlabs sprin phuṅ.--ʾGro ʾdul gter ston rim par byon paʾi mtshan sdom gsol ʾdebs byin rlabs sprin phreṅ.--Zab chos źi khro dgoṅs pa raṅ grol las rig pa ṅo sprod gcer mthoṅ raṅ grol.--Sbas yul Padma-bkod kyi gsol ʾdebs.--Rdzogs pa chen poʾi khrig chod zin bris ʾgro ʾdul sna tshogs raṅ grol źal rgyun dri ma med pa sñon brgyud chu bo kun ʾdus.--Yaṅ gsaṅ gnas kyi gsol ʾdebs graṅ sroṅ bden tshig.</subfield>
  </datafield>
  <datafield tag="650" ind1=" " ind2="0">
    <subfield code="a">Buddhism</subfield>
    <subfield code="x">Terminology.</subfield>
  </datafield>
  <datafield tag="650" ind1=" " ind2="0">
    <subfield code="a">Rñiṅ-ma-pa (Sect).</subfield>
  </datafield>
  <datafield tag="650" ind1=" " ind2="0">
    <subfield code="a">Rdzogs chen.</subfield>
  </datafield>
  <datafield tag="650" ind1=" " ind2="0">
    <subfield code="a">Tibetan language</subfield>
    <subfield code="x">Texts.</subfield>
  </datafield>
  <datafield tag="700" ind1="0" ind2=" ">
    <subfield code="a">Padma-rig-ʾdzin,</subfield>
    <subfield code="c">Rdzogs-chen Sprul-sku I,</subfield>
    <subfield code="d">1625-1697.</subfield>
  </datafield>
</record>