

<record xmlns="http://www.loc.gov/MARC21/slim"
xmlns:xsi="http://www.w3.org/2001/XMLSchema-instance"
xsi:schemaLocation="http://www.loc.gov/MARC21/slim
http://www.loc.gov/standards/marcxml/schema/MARC21slim.xsd">
  <leader>01541nam a2200301Ii 4500</leader>
  <controlfield tag="001">001872716-6</controlfield>
  <controlfield tag="005">20020606093309.7</controlfield>
  <controlfield tag="008">800724s1974    ii a          00010 tibod</controlfield>
  <datafield tag="010" ind1=" " ind2=" ">
    <subfield code="a">   74901311</subfield>
  </datafield>
  <datafield tag="020" ind1=" " ind2=" ">
    <subfield code="c">Rs300.00</subfield>
  </datafield>
  <datafield tag="020" ind1=" " ind2=" ">
    <subfield code="c">Rs300.00</subfield>
  </datafield>
  <datafield tag="035" ind1="0" ind2=" ">
    <subfield code="a">ocm06548924</subfield>
  </datafield>
  <datafield tag="040" ind1=" " ind2=" ">
    <subfield code="a">IUL</subfield>
    <subfield code="c">IUL</subfield>
    <subfield code="d">m/c</subfield>
    <subfield code="d">CRL</subfield>
  </datafield>
  <datafield tag="050" ind1="0" ind2=" ">
    <subfield code="a">BQ7400</subfield>
    <subfield code="b">.T85</subfield>
  </datafield>
  <datafield tag="245" ind1="0" ind2="0">
    <subfield code="a">Two controversial Mādhyamika treatises :</subfield>
    <subfield code="b">comprising reproductions of blockprints of the &quot;Dbu ma la ʾjug paʾi rnam bśad ṅes don rnam ṅes&quot; of Roṅ-ston Śes-bya-kun-rig and the &quot;Lugs gñis rnam ʾbyed rtsa ʾgrel&quot; of Gser-mdog Paṇ-chen Śākya-mchog-ldan.</subfield>
  </datafield>
  <datafield tag="260" ind1="0" ind2=" ">
    <subfield code="a">New Delhi :</subfield>
    <subfield code="b">Trayang and Jamyang Samten,</subfield>
    <subfield code="c">1974.</subfield>
  </datafield>
  <datafield tag="300" ind1=" " ind2=" ">
    <subfield code="a">[65] p. :</subfield>
    <subfield code="b">ill. ;</subfield>
    <subfield code="c">28 x 37 cm.</subfield>
  </datafield>
  <datafield tag="546" ind1=" " ind2=" ">
    <subfield code="a">In Tibetan; preface in English.</subfield>
  </datafield>
  <datafield tag="500" ind1=" " ind2=" ">
    <subfield code="a">&quot;Reproduced from Eastern Tibetan and Bhutanese prints from the library of Mkhan-po Blo-gros-bzaṅ-po.&quot;</subfield>
  </datafield>
  <datafield tag="500" ind1=" " ind2=" ">
    <subfield code="a">Each page includes four pages of (reproduced) block printed text; the original number of pages is 500.</subfield>
  </datafield>
  <datafield tag="600" ind1="0" ind2="0">
    <subfield code="a">Candrakīrti.</subfield>
    <subfield code="t">Madhyamakāvatāra.</subfield>
  </datafield>
  <datafield tag="650" ind1=" " ind2="0">
    <subfield code="a">Mādhyamika (Buddhism).</subfield>
  </datafield>
  <datafield tag="650" ind1=" " ind2="0">
    <subfield code="a">Tathāgatagarbha (Buddhism).</subfield>
  </datafield>
  <datafield tag="700" ind1="0" ind2=" ">
    <subfield code="a">Roṅ-ston Śes-bya-kun-rig,</subfield>
    <subfield code="d">1367-1449.</subfield>
    <subfield code="t">Dbu ma la ʾjug paʾi rnam bśad ṅes don rnam ṅes bya ba bźugs so.</subfield>
  </datafield>
  <datafield tag="700" ind1="0" ind2=" ">
    <subfield code="a">Śākya-mchog-ldan,</subfield>
    <subfield code="c">Gser-mdog Paṇ-chen,</subfield>
    <subfield code="d">1428-1507.</subfield>
    <subfield code="t">Śiṅ rtaʾi srol chen gñis las ʾbyuṅ baʾi Dbu ma chen poʾi lugs gñis rnam par dbye ba Ṅes don rgya mtshoʾi sprin gyi ʾbrug sgra zab mo źes bya ba bźugs so.</subfield>
  </datafield>
</record>