

<record xmlns="http://www.loc.gov/MARC21/slim"
xmlns:xsi="http://www.w3.org/2001/XMLSchema-instance"
xsi:schemaLocation="http://www.loc.gov/MARC21/slim
http://www.loc.gov/standards/marcxml/schema/MARC21slim.xsd">
  <leader>01552nam a2200337Ia 4500</leader>
  <controlfield tag="001">001873072-8</controlfield>
  <controlfield tag="005">20020606093309.7</controlfield>
  <controlfield tag="008">830601m1970    ii a          00010ctib d</controlfield>
  <datafield tag="010" ind1=" " ind2=" ">
    <subfield code="a">   72915180</subfield>
  </datafield>
  <datafield tag="020" ind1=" " ind2=" ">
    <subfield code="c">Rs300.00 per volume</subfield>
  </datafield>
  <datafield tag="020" ind1=" " ind2=" ">
    <subfield code="c">Rs300.00 per volume</subfield>
  </datafield>
  <datafield tag="035" ind1="0" ind2=" ">
    <subfield code="a">ocm09564464</subfield>
  </datafield>
  <datafield tag="040" ind1=" " ind2=" ">
    <subfield code="a">IUL</subfield>
    <subfield code="c">IUL</subfield>
    <subfield code="d">m/c</subfield>
    <subfield code="d">CRL</subfield>
  </datafield>
  <datafield tag="043" ind1=" " ind2=" ">
    <subfield code="a">a-cc-ti</subfield>
  </datafield>
  <datafield tag="090" ind1=" " ind2=" ">
    <subfield code="a">BQ7645.L35</subfield>
    <subfield code="b">T76 1970</subfield>
  </datafield>
  <datafield tag="100" ind1="0" ind2=" ">
    <subfield code="a">Tshe-mchog-gliṅ Ye-śes-rgyal-mtshan,</subfield>
    <subfield code="d">1713-1793.</subfield>
  </datafield>
  <datafield tag="240" ind1="1" ind2="0">
    <subfield code="a">Byaṅ chub lam gyi rim paʾi bla ma brgyud paʾi rnam thar</subfield>
  </datafield>
  <datafield tag="245" ind1="1" ind2="0">
    <subfield code="a">Biographies of the eminent gurus in the transmission lineages of the teachings of the graduated path :</subfield>
    <subfield code="b">being the text of Byang chub lam gyi rim paʾi bla ma brgyud paʾi rnam par thar pa rgyal bstan mdzes paʾi rgyan mchog phul byung nor buʾi phreng ba /</subfield>
    <subfield code="c">Tshe-mchog-gling Yongs-ʾdzin Ye-shes-rgyal-mtshan.</subfield>
  </datafield>
  <datafield tag="260" ind1="0" ind2=" ">
    <subfield code="a">New Delhi :</subfield>
    <subfield code="b">Ngawang Gelek Demo,</subfield>
    <subfield code="c">1970-</subfield>
  </datafield>
  <datafield tag="300" ind1=" " ind2=" ">
    <subfield code="a">2 v. :</subfield>
    <subfield code="b">ill. ;</subfield>
    <subfield code="c">29 x 41 cm.</subfield>
  </datafield>
  <datafield tag="440" ind1=" " ind2="0">
    <subfield code="a">Gedan sungrab minyam gyunphel series ;</subfield>
    <subfield code="v">v. 18-19</subfield>
  </datafield>
  <datafield tag="500" ind1=" " ind2=" ">
    <subfield code="a">In Tibetan; pref. in English.</subfield>
  </datafield>
  <datafield tag="500" ind1=" " ind2=" ">
    <subfield code="a">Reproduction of xylograph arranged with four versos to the page followed by the corresponding four versos on the facing page.</subfield>
  </datafield>
  <datafield tag="520" ind1=" " ind2=" ">
    <subfield code="a">Biographies of teachers in the lineages of transmission of the Kadampa and Gelukpa schools of Tibetan Buddhism.</subfield>
  </datafield>
  <datafield tag="650" ind1=" " ind2="0">
    <subfield code="a">Lam-rim</subfield>
    <subfield code="x">Bio-bibliography.</subfield>
  </datafield>
  <datafield tag="650" ind1=" " ind2="0">
    <subfield code="a">Dge-lugs-pa (Sect)</subfield>
    <subfield code="v">Biography.</subfield>
  </datafield>
  <datafield tag="650" ind1=" " ind2="0">
    <subfield code="a">Bkaʾ-gdams-pa (Sect)</subfield>
    <subfield code="v">Biography.</subfield>
  </datafield>
  <datafield tag="650" ind1=" " ind2="0">
    <subfield code="a">Tibetan language</subfield>
    <subfield code="x">Texts.</subfield>
  </datafield>
</record>