

<record xmlns="http://www.loc.gov/MARC21/slim"
xmlns:xsi="http://www.w3.org/2001/XMLSchema-instance"
xsi:schemaLocation="http://www.loc.gov/MARC21/slim
http://www.loc.gov/standards/marcxml/schema/MARC21slim.xsd">
  <leader>01288nam a2200325Ia 4500</leader>
  <controlfield tag="001">001935486-X</controlfield>
  <controlfield tag="005">20090712115307.0</controlfield>
  <controlfield tag="008">821123s1974    ii            00010 tib d</controlfield>
  <datafield tag="010" ind1=" " ind2=" ">
    <subfield code="a">   74901392</subfield>
  </datafield>
  <datafield tag="020" ind1=" " ind2=" ">
    <subfield code="c">Rs300.00</subfield>
  </datafield>
  <datafield tag="020" ind1=" " ind2=" ">
    <subfield code="c">Rs300.00</subfield>
  </datafield>
  <datafield tag="035" ind1="0" ind2=" ">
    <subfield code="a">ocm08984005</subfield>
  </datafield>
  <datafield tag="040" ind1=" " ind2=" ">
    <subfield code="a">IUL</subfield>
    <subfield code="c">IUL</subfield>
    <subfield code="d">CRL</subfield>
  </datafield>
  <datafield tag="043" ind1=" " ind2=" ">
    <subfield code="a">a-cc-ti</subfield>
  </datafield>
  <datafield tag="090" ind1=" " ind2=" ">
    <subfield code="a">BQ7974.5.M49</subfield>
    <subfield code="b">T8 1974</subfield>
  </datafield>
  <datafield tag="100" ind1="0" ind2=" ">
    <subfield code="a">Tshul-khrims-rgyal-mtshan,</subfield>
    <subfield code="c">Sga-ston.</subfield>
  </datafield>
  <datafield tag="245" ind1="1" ind2="0">
    <subfield code="a">Kun las btus pa Srid paʾi mdzod phug gi gźuṅ ʾgrel :</subfield>
    <subfield code="b">a treatise with autocommentary presenting the Bonpo Abhidharma /</subfield>
    <subfield code="c">by Sga-ston Tshul-khrims-rgyal-mtshan.</subfield>
  </datafield>
  <datafield tag="246" ind1="3" ind2=" ">
    <subfield code="a">Bden paʾi Mdzod phug rnam par byed paʾi lde mig.</subfield>
  </datafield>
  <datafield tag="260" ind1="0" ind2=" ">
    <subfield code="a">[Delhi] :</subfield>
    <subfield code="b">Tashi Dorji ;</subfield>
    <subfield code="a">Dolanji, H.P. :</subfield>
    <subfield code="b">Tibetan Bonpo Monastic Centre [distributor],</subfield>
    <subfield code="c">1974.</subfield>
  </datafield>
  <datafield tag="300" ind1=" " ind2=" ">
    <subfield code="a">636 columns ;</subfield>
    <subfield code="c">28 x 36 cm.</subfield>
  </datafield>
  <datafield tag="500" ind1=" " ind2=" ">
    <subfield code="a">In cursive Tibetan; pref. in English.</subfield>
  </datafield>
  <datafield tag="500" ind1=" " ind2=" ">
    <subfield code="a">&quot;Reproduced from a manuscript belonging to Khempo Sangye Tenzin.&quot;</subfield>
  </datafield>
  <datafield tag="520" ind1=" " ind2=" ">
    <subfield code="a">Abhidharma work of the Bonpo tradition of Tibetan Lamaism.</subfield>
  </datafield>
  <datafield tag="650" ind1=" " ind2="0">
    <subfield code="a">Tibetan language</subfield>
    <subfield code="v">Texts.</subfield>
  </datafield>
  <datafield tag="630" ind1="0" ind2="0">
    <subfield code="a">Bon Kanjur.</subfield>
    <subfield code="p">Mdzod phug</subfield>
    <subfield code="x">Commentaries.</subfield>
  </datafield>
  <datafield tag="650" ind1=" " ind2="0">
    <subfield code="a">Bon Abhidharma.</subfield>
  </datafield>
  <datafield tag="700" ind1="0" ind2="2">
    <subfield code="a">Tshul-khrims-rgyal-mtshan,</subfield>
    <subfield code="c">Sga-ston.</subfield>
    <subfield code="t">Bden paʼi Mdzod phug rnam par ʼbyed paʼi lde mig.</subfield>
  </datafield>
</record>