

<record xmlns="http://www.loc.gov/MARC21/slim"
xmlns:xsi="http://www.w3.org/2001/XMLSchema-instance"
xsi:schemaLocation="http://www.loc.gov/MARC21/slim
http://www.loc.gov/standards/marcxml/schema/MARC21slim.xsd">
  <leader>01804nam a2200385Ia 4500</leader>
  <controlfield tag="001">001956709-X</controlfield>
  <controlfield tag="005">20090712115637.0</controlfield>
  <controlfield tag="008">850211s1973    ii            00010 tib d</controlfield>
  <datafield tag="010" ind1=" " ind2=" ">
    <subfield code="a">   73900827</subfield>
  </datafield>
  <datafield tag="020" ind1=" " ind2=" ">
    <subfield code="c">Rs300.00</subfield>
  </datafield>
  <datafield tag="020" ind1=" " ind2=" ">
    <subfield code="c">Rs300.00</subfield>
  </datafield>
  <datafield tag="035" ind1="0" ind2=" ">
    <subfield code="a">ocm11680244</subfield>
  </datafield>
  <datafield tag="040" ind1=" " ind2=" ">
    <subfield code="a">IUL</subfield>
    <subfield code="c">IUL</subfield>
    <subfield code="d">m/c</subfield>
    <subfield code="d">CRL</subfield>
  </datafield>
  <datafield tag="043" ind1=" " ind2=" ">
    <subfield code="a">a-cc-ti</subfield>
  </datafield>
  <datafield tag="090" ind1=" " ind2=" ">
    <subfield code="a">BQ2910.M365</subfield>
    <subfield code="b">S47 1973</subfield>
  </datafield>
  <datafield tag="100" ind1="0" ind2=" ">
    <subfield code="a">Se-ra Rje-btsun Chos-kyi-rgyal-mtshan,</subfield>
    <subfield code="d">1469-1546.</subfield>
  </datafield>
  <datafield tag="240" ind1="1" ind2="0">
    <subfield code="a">Bstan bcos Dbu ma la ʾjug paʾi rnam bśad Dgoṅs pa rab gsal gyi dkaʾ gnad gsal bar byed paʾi spyi don</subfield>
  </datafield>
  <datafield tag="245" ind1="1" ind2="4">
    <subfield code="a">The obligatory texts (yig-cha) for the study of Madhyamika of Byes Grwa-tshaṅ of Se-ra Monastery /</subfield>
    <subfield code="c">by Se-ra Rje-btsun Chos-kyi-rgyal-mtshan and Sgom-sde Nam-mkhaʾ-rgyal-mtshan.</subfield>
  </datafield>
  <datafield tag="246" ind1="3" ind2=" ">
    <subfield code="a">Thal bzlog gi dkaʾ baʾi gnas gtan la ʾbebs pa.</subfield>
  </datafield>
  <datafield tag="246" ind1="3" ind2=" ">
    <subfield code="a">Skal bzaṅ mgul rgyan.</subfield>
  </datafield>
  <datafield tag="260" ind1="0" ind2=" ">
    <subfield code="a">New Delhi :</subfield>
    <subfield code="b">Lha-mkhar Yoṅs-ʾdzin Bstan-pa-rgyal-mtshan,</subfield>
    <subfield code="c">1973.</subfield>
  </datafield>
  <datafield tag="300" ind1=" " ind2=" ">
    <subfield code="a">1 v. (unpaged)</subfield>
    <subfield code="c">27 x 38 cm.</subfield>
  </datafield>
  <datafield tag="440" ind1=" " ind2="0">
    <subfield code="a">Madhyamika text series ;</subfield>
    <subfield code="v">v.4</subfield>
  </datafield>
  <datafield tag="500" ind1=" " ind2=" ">
    <subfield code="a">In Tibetan.</subfield>
  </datafield>
  <datafield tag="500" ind1=" " ind2=" ">
    <subfield code="a">Cover title: Ser-ra Byes: Dbu ma&apos;i yig cha.</subfield>
  </datafield>
  <datafield tag="500" ind1=" " ind2=" ">
    <subfield code="a">Photographic reproduction of Tibetan text arranged with four rectos to the page followed by the corresponding four versos on the facing page.</subfield>
  </datafield>
  <datafield tag="520" ind1=" " ind2=" ">
    <subfield code="a">Madhyamika philosophy according to the Gelukpa sect of Tibetan Buddhism; the textbooks used in Chay Colleg of Sera and affiliates.</subfield>
  </datafield>
  <datafield tag="650" ind1=" " ind2="0">
    <subfield code="a">Tibetan language</subfield>
    <subfield code="v">Texts.</subfield>
  </datafield>
  <datafield tag="600" ind1="0" ind2="0">
    <subfield code="a">Tsoṅ-kha-pa Blo-bzaṅ-grags-pa,</subfield>
    <subfield code="d">1357-1419.</subfield>
    <subfield code="t">Dbu ma la ʼjug paʼi rnam bśad Dgoṅs pa rab gsal.</subfield>
  </datafield>
  <datafield tag="650" ind1=" " ind2="0">
    <subfield code="a">Mādhyamika (Buddhism)</subfield>
  </datafield>
  <datafield tag="610" ind1="2" ind2="0">
    <subfield code="a">Se-ra (Monastery)</subfield>
    <subfield code="x">Study and teaching.</subfield>
  </datafield>
  <datafield tag="700" ind1="0" ind2="2">
    <subfield code="a">Sgom-sde Nam-mkhaʼ-rgyal-mtshan,</subfield>
    <subfield code="d">1532-1592.</subfield>
    <subfield code="t">Thal bzlog gi dkaʼ baʼi gnas gtan la ʼbebs pa Skal bzaṅ mgul rgyan.</subfield>
  </datafield>
</record>