

<record xmlns="http://www.loc.gov/MARC21/slim"
xmlns:xsi="http://www.w3.org/2001/XMLSchema-instance"
xsi:schemaLocation="http://www.loc.gov/MARC21/slim
http://www.loc.gov/standards/marcxml/schema/MARC21slim.xsd">
  <leader>00979nam a22002535a 4500</leader>
  <controlfield tag="001">002142798-4</controlfield>
  <controlfield tag="005">20020606093309.7</controlfield>
  <controlfield tag="008">910302r19311990ii      a     00010 tib d</controlfield>
  <datafield tag="035" ind1="0" ind2=" ">
    <subfield code="a">ocm04434059</subfield>
  </datafield>
  <datafield tag="041" ind1="0" ind2=" ">
    <subfield code="a">tibsan</subfield>
  </datafield>
  <datafield tag="100" ind1="0" ind2=" ">
    <subfield code="a">Āryadeva,</subfield>
    <subfield code="d">active 3rd century.</subfield>
  </datafield>
  <datafield tag="245" ind1="1" ind2="4">
    <subfield code="a">The Catuḥśataka :</subfield>
    <subfield code="b">Sanskrit and Tibetan texts, with copious extracts from the commentary of Candrakīrtti /</subfield>
    <subfield code="c">reconstructed and ed. by Vidhushekhara Bhattacharya.</subfield>
  </datafield>
  <datafield tag="260" ind1="0" ind2=" ">
    <subfield code="a">Calcutta :</subfield>
    <subfield code="b">Visva-bharati book-shop,</subfield>
    <subfield code="c">1931.</subfield>
  </datafield>
  <datafield tag="300" ind1=" " ind2=" ">
    <subfield code="a">xxiv, 308 p. :</subfield>
    <subfield code="b">front ;</subfield>
    <subfield code="c">25 cm.</subfield>
  </datafield>
  <datafield tag="490" ind1="1" ind2=" ">
    <subfield code="a">Visva-bharati series ;</subfield>
    <subfield code="v">no. 2</subfield>
  </datafield>
  <datafield tag="500" ind1=" " ind2=" ">
    <subfield code="a">In Tibetan with trans. in Sanskrit.</subfield>
  </datafield>
  <datafield tag="500" ind1=" " ind2=" ">
    <subfield code="a">Part 2, ch. 8-16 only.</subfield>
  </datafield>
  <datafield tag="650" ind1=" " ind2="0">
    <subfield code="a">Mādhyamika (Buddhism)</subfield>
  </datafield>
  <datafield tag="700" ind1="1" ind2=" ">
    <subfield code="a">Bhattacharya, Vidhushekhara.</subfield>
  </datafield>
  <datafield tag="700" ind1="0" ind2=" ">
    <subfield code="a">Candrakīrti.</subfield>
    <subfield code="t">Catuḥśatakavr̥tti.</subfield>
    <subfield code="k">Selections.</subfield>
    <subfield code="l">English, Tibetan and Sanskrit.</subfield>
  </datafield>
  <datafield tag="830" ind1=" " ind2="0">
    <subfield code="a">Viśvabhāratī series ;</subfield>
    <subfield code="v">2.</subfield>
  </datafield>
</record>