

<record xmlns="http://www.loc.gov/MARC21/slim"
xmlns:xsi="http://www.w3.org/2001/XMLSchema-instance"
xsi:schemaLocation="http://www.loc.gov/MARC21/slim
http://www.loc.gov/standards/marcxml/schema/MARC21slim.xsd">
  <leader>01056nam a22002655a 4500</leader>
  <controlfield tag="001">002382277-5</controlfield>
  <controlfield tag="005">20020606093309.7</controlfield>
  <controlfield tag="008">910924r19501990ii      a     00000 tib d</controlfield>
  <datafield tag="035" ind1="0" ind2=" ">
    <subfield code="a">ocn238823881</subfield>
  </datafield>
  <datafield tag="035" ind1="0" ind2=" ">
    <subfield code="a">ocn236108220</subfield>
  </datafield>
  <datafield tag="040" ind1=" " ind2=" ">
    <subfield code="a">ICU</subfield>
    <subfield code="c">ICU</subfield>
    <subfield code="d">MH</subfield>
  </datafield>
  <datafield tag="041" ind1="0" ind2=" ">
    <subfield code="a">tibsaneng</subfield>
  </datafield>
  <datafield tag="050" ind1=" " ind2="0">
    <subfield code="a">BQ2240.S353</subfield>
    <subfield code="b">T5 1950</subfield>
  </datafield>
  <datafield tag="130" ind1="0" ind2=" ">
    <subfield code="a">Śālistambasūtra.</subfield>
    <subfield code="l">Tibetan &amp; Sanskrit.</subfield>
  </datafield>
  <datafield tag="245" ind1="1" ind2="0">
    <subfield code="a">Ārya Śālistamba Sūtra :</subfield>
    <subfield code="b">Pratītyasamutpādavibhaṅga Nirdeśasūtra ; and Pratītyasamutpādagāthā Sūtra /</subfield>
    <subfield code="c">edited with Tibetan versions, notes, and introd., etc. by N. Aiyaswami Sastri.</subfield>
  </datafield>
  <datafield tag="260" ind1=" " ind2=" ">
    <subfield code="a">Adyar :</subfield>
    <subfield code="b">Adyar Library,</subfield>
    <subfield code="c">1950.</subfield>
  </datafield>
  <datafield tag="300" ind1=" " ind2=" ">
    <subfield code="a">xxxix, 110 p. ;</subfield>
    <subfield code="c">22 cm.</subfield>
  </datafield>
  <datafield tag="490" ind1="1" ind2=" ">
    <subfield code="a">Adyar Library series ;</subfield>
    <subfield code="v">no. 76</subfield>
  </datafield>
  <datafield tag="500" ind1=" " ind2=" ">
    <subfield code="a">Sanskrit and Tibetan; critical matter in English.</subfield>
  </datafield>
  <datafield tag="500" ind1=" " ind2=" ">
    <subfield code="a">Includes indexes.</subfield>
  </datafield>
  <datafield tag="700" ind1="1" ind2=" ">
    <subfield code="a">Sastri, N. Aiyaswami.</subfield>
  </datafield>
  <datafield tag="730" ind1="0" ind2=" ">
    <subfield code="a">Pratītyasamutpādādivibhaṅganirdeśanāmasūtra.</subfield>
    <subfield code="l">Tibetan &amp; Sanskrit.</subfield>
  </datafield>
  <datafield tag="730" ind1="0" ind2=" ">
    <subfield code="a">Āryapratītyasamutpādanāmamahāyānasūtra.</subfield>
    <subfield code="l">Tibetan &amp; Sanskrit</subfield>
  </datafield>
  <datafield tag="830" ind1=" " ind2="0">
    <subfield code="a">Adyar Library series ;</subfield>
    <subfield code="v">v. 76.</subfield>
  </datafield>
</record>