

<record xmlns="http://www.loc.gov/MARC21/slim"
xmlns:xsi="http://www.w3.org/2001/XMLSchema-instance"
xsi:schemaLocation="http://www.loc.gov/MARC21/slim
http://www.loc.gov/standards/marcxml/schema/MARC21slim.xsd">
  <leader>01070nam a2200265Ma 4500</leader>
  <controlfield tag="001">002397882-1</controlfield>
  <controlfield tag="005">20020606093309.7</controlfield>
  <controlfield tag="008">911123r1911    ii            00000 tib d</controlfield>
  <datafield tag="035" ind1="0" ind2=" ">
    <subfield code="a">ocn238824770</subfield>
  </datafield>
  <datafield tag="035" ind1="0" ind2=" ">
    <subfield code="a">ocn236052012</subfield>
  </datafield>
  <datafield tag="041" ind1="0" ind2=" ">
    <subfield code="a">tibsan</subfield>
  </datafield>
  <datafield tag="050" ind1=" " ind2="0">
    <subfield code="a">PK925</subfield>
    <subfield code="b">.A5718</subfield>
  </datafield>
  <datafield tag="100" ind1="0" ind2=" ">
    <subfield code="a">Amarasiṃha.</subfield>
  </datafield>
  <datafield tag="245" ind1="1" ind2="0">
    <subfield code="a">Amarakoṣa and its Tibetan translation, ʾChi med mdzod :</subfield>
    <subfield code="b">a metrical dictionary of the Sanskrit language by Amarasiṃha with its Tibetan translation made by Mahāpaṇḍita Kīrticandra and Yar-luṅs Lo-tsā-ba Grags-pa-rgyal-mtshan /</subfield>
    <subfield code="c">edited by Satis Chandra Vidyābhūṣaṇa.</subfield>
  </datafield>
  <datafield tag="246" ind1="3" ind2=" ">
    <subfield code="a">ʾChi med mdzod.</subfield>
  </datafield>
  <datafield tag="260" ind1="0" ind2=" ">
    <subfield code="a">Calcutta :</subfield>
    <subfield code="b">Asiatic society,</subfield>
    <subfield code="c">1911-1912.</subfield>
  </datafield>
  <datafield tag="300" ind1=" " ind2=" ">
    <subfield code="a">384 p. ;</subfield>
    <subfield code="c">22 cm.</subfield>
  </datafield>
  <datafield tag="440" ind1=" " ind2="0">
    <subfield code="a">Bibliotheca Indica ;</subfield>
    <subfield code="v">work no. 204</subfield>
  </datafield>
  <datafield tag="500" ind1=" " ind2=" ">
    <subfield code="a">In Sanskrit with trans. in Tibetan.</subfield>
  </datafield>
  <datafield tag="650" ind1=" " ind2="0">
    <subfield code="a">Sanskrit language</subfield>
    <subfield code="x">Synonyms and antonyms.</subfield>
  </datafield>
  <datafield tag="700" ind1="0" ind2=" ">
    <subfield code="a">Kīrticandra.</subfield>
  </datafield>
  <datafield tag="700" ind1="0" ind2=" ">
    <subfield code="a">Grags-pa-rgyal-mtshan,</subfield>
    <subfield code="c">Yar-luṅs Lo-tsā-ba.</subfield>
  </datafield>
  <datafield tag="700" ind1="1" ind2=" ">
    <subfield code="a">Vidyabhusana, Satis Chandra,</subfield>
    <subfield code="d">1870-1920.</subfield>
  </datafield>
</record>