

<record xmlns="http://www.loc.gov/MARC21/slim"
xmlns:xsi="http://www.w3.org/2001/XMLSchema-instance"
xsi:schemaLocation="http://www.loc.gov/MARC21/slim
http://www.loc.gov/standards/marcxml/schema/MARC21slim.xsd">
  <leader>00803nam a22002175a 4500</leader>
  <controlfield tag="001">002397948-8</controlfield>
  <controlfield tag="005">20020606093309.7</controlfield>
  <controlfield tag="008">911107r19491990ii      a     00000 tib d</controlfield>
  <datafield tag="035" ind1="0" ind2=" ">
    <subfield code="a">ocn238824871</subfield>
  </datafield>
  <datafield tag="040" ind1=" " ind2=" ">
    <subfield code="a">ICU</subfield>
    <subfield code="c">ICU</subfield>
    <subfield code="d">MH</subfield>
  </datafield>
  <datafield tag="041" ind1="0" ind2=" ">
    <subfield code="a">tibsan</subfield>
  </datafield>
  <datafield tag="100" ind1="0" ind2=" ">
    <subfield code="a">Āryadeva,</subfield>
    <subfield code="d">active 3rd century.</subfield>
  </datafield>
  <datafield tag="245" ind1="1" ind2="0">
    <subfield code="a">Cittaviśuddhiprakaraṇa of Aryadeva /</subfield>
    <subfield code="c">Sanskrit and Tibetan texts edited by Prabhubhai Bhikhabhai Patel ; with a foreword by Vidhushekhara Bhattacharya.</subfield>
  </datafield>
  <datafield tag="260" ind1=" " ind2=" ">
    <subfield code="a">[Calcutta] :</subfield>
    <subfield code="b">Visva-Bharati,</subfield>
    <subfield code="c">1949.</subfield>
  </datafield>
  <datafield tag="300" ind1=" " ind2=" ">
    <subfield code="a">xxix, 108, ii p. :</subfield>
    <subfield code="b">port. ;</subfield>
    <subfield code="c">24 cm.</subfield>
  </datafield>
  <datafield tag="440" ind1=" " ind2="0">
    <subfield code="a">Visva-Bharati studies ;</subfield>
    <subfield code="v">8</subfield>
  </datafield>
  <datafield tag="500" ind1=" " ind2=" ">
    <subfield code="a">In Tibetan with trans. in Sanskrit; foreword and introd. in English.</subfield>
  </datafield>
  <datafield tag="500" ind1=" " ind2=" ">
    <subfield code="a">Pages 49-52 omitted in numbering.</subfield>
  </datafield>
  <datafield tag="650" ind1=" " ind2="0">
    <subfield code="a">Tantric Buddhism.</subfield>
  </datafield>
  <datafield tag="700" ind1="1" ind2=" ">
    <subfield code="a">Patel, Prabhubhai Bhikhabhai.</subfield>
  </datafield>
</record>