

<record xmlns="http://www.loc.gov/MARC21/slim"
xmlns:xsi="http://www.w3.org/2001/XMLSchema-instance"
xsi:schemaLocation="http://www.loc.gov/MARC21/slim
http://www.loc.gov/standards/marcxml/schema/MARC21slim.xsd">
  <leader>00832nam a22002295a 4500</leader>
  <controlfield tag="001">002398079-6</controlfield>
  <controlfield tag="005">20020606093309.7</controlfield>
  <controlfield tag="008">911123r19081992ii      a     00000 tib d</controlfield>
  <datafield tag="035" ind1="0" ind2=" ">
    <subfield code="a">ocn238825083</subfield>
  </datafield>
  <datafield tag="035" ind1="0" ind2=" ">
    <subfield code="a">ocn236052114</subfield>
  </datafield>
  <datafield tag="040" ind1=" " ind2=" ">
    <subfield code="a">ICU</subfield>
    <subfield code="c">ICU</subfield>
    <subfield code="d">MH</subfield>
  </datafield>
  <datafield tag="041" ind1="0" ind2=" ">
    <subfield code="a">tibsan</subfield>
  </datafield>
  <datafield tag="100" ind1="0" ind2=" ">
    <subfield code="a">Dharmakīrti,</subfield>
    <subfield code="d">active 7th century.</subfield>
  </datafield>
  <datafield tag="245" ind1="1" ind2="0">
    <subfield code="a">Tibetan translation of the Nyāyabindu of Dharmakīrti:</subfield>
    <subfield code="b">with the commentary of Vinītadeva /</subfield>
    <subfield code="c">ed. with appendices by L. de la Vallée Poussin.</subfield>
  </datafield>
  <datafield tag="260" ind1=" " ind2=" ">
    <subfield code="a">Calcutta :</subfield>
    <subfield code="b">Asiatic society,</subfield>
    <subfield code="c">1908-1913.</subfield>
  </datafield>
  <datafield tag="300" ind1=" " ind2=" ">
    <subfield code="a">150 p. ;</subfield>
    <subfield code="c">25 cm.</subfield>
  </datafield>
  <datafield tag="440" ind1=" " ind2="0">
    <subfield code="a">Bibliotheca Indica ;</subfield>
    <subfield code="v">v. 171</subfield>
  </datafield>
  <datafield tag="500" ind1=" " ind2=" ">
    <subfield code="a">In Tibetan.</subfield>
  </datafield>
  <datafield tag="500" ind1=" " ind2=" ">
    <subfield code="a">Bibliotheca indica, new series 1179, 1374.</subfield>
  </datafield>
  <datafield tag="700" ind1="2" ind2=" ">
    <subfield code="a">La Vallée Poussin, Louis de,</subfield>
    <subfield code="d">1869-1938.</subfield>
  </datafield>
  <datafield tag="700" ind1="0" ind2=" ">
    <subfield code="a">Vinītadeva.</subfield>
    <subfield code="t">Nyāyabinduṭīkā.</subfield>
    <subfield code="l">Tibetan.</subfield>
  </datafield>
</record>