

<record xmlns="http://www.loc.gov/MARC21/slim"
xmlns:xsi="http://www.w3.org/2001/XMLSchema-instance"
xsi:schemaLocation="http://www.loc.gov/MARC21/slim
http://www.loc.gov/standards/marcxml/schema/MARC21slim.xsd">
  <leader>01493cam a2200325Ii 4500</leader>
  <controlfield tag="001">002405586-7</controlfield>
  <controlfield tag="005">20020606093309.7</controlfield>
  <controlfield tag="008">780907s1972    ii            00010atibrd</controlfield>
  <datafield tag="010" ind1=" " ind2=" ">
    <subfield code="a">   72908630</subfield>
  </datafield>
  <datafield tag="035" ind1="0" ind2=" ">
    <subfield code="a">ocm04205332</subfield>
  </datafield>
  <datafield tag="040" ind1=" " ind2=" ">
    <subfield code="a">IUL</subfield>
    <subfield code="c">IUL</subfield>
    <subfield code="d">m/c</subfield>
    <subfield code="d">CRL</subfield>
  </datafield>
  <datafield tag="045" ind1=" " ind2=" ">
    <subfield code="a">s5t2</subfield>
  </datafield>
  <datafield tag="090" ind1=" " ind2=" ">
    <subfield code="a">BQ942.R8</subfield>
    <subfield code="b">A3 1972</subfield>
  </datafield>
  <datafield tag="100" ind1="0" ind2="1">
    <subfield code="a">ʾBrug-smyon Kun-dgaʾ-legs-pa,</subfield>
    <subfield code="d">1455-1529.</subfield>
  </datafield>
  <datafield tag="245" ind1="1" ind2="0">
    <subfield code="a">Grub-chen ʾBrug-pa Kun-dgaʾ-legs-paʾi rnam thar</subfield>
    <subfield code="b">bźugs so = The autobiography of Dugpa Kunleg /</subfield>
    <subfield code="c">Ye-śes-chos-dar Wā-rā-ṇa-sīr spar bskrun źus paʾo.</subfield>
  </datafield>
  <datafield tag="246" ind1="3" ind2=" ">
    <subfield code="a">Autobiography of Dugpa Kunleg.</subfield>
  </datafield>
  <datafield tag="246" ind1="3" ind2=" ">
    <subfield code="a">ʾBrug-smyon Kun-dgaʾ-legs-paʾi gsuṅ rnam.</subfield>
  </datafield>
  <datafield tag="260" ind1="0" ind2=" ">
    <subfield code="a">Wā-[rā]-ṇa-[sī] :</subfield>
    <subfield code="b">Legs-bśad Gter-mdzod Khaṅ,</subfield>
    <subfield code="c">1972.</subfield>
  </datafield>
  <datafield tag="300" ind1=" " ind2=" ">
    <subfield code="a">2 v. ;</subfield>
    <subfield code="c">24 cm.</subfield>
  </datafield>
  <datafield tag="500" ind1=" " ind2=" ">
    <subfield code="a">Cover title; each vol. has separate t.p.</subfield>
  </datafield>
  <datafield tag="500" ind1=" " ind2=" ">
    <subfield code="a">Title on spine: ʾBrug-smyon Kun-dgaʾ-legs-paʾi gsuṅ rnm [sic]</subfield>
  </datafield>
  <datafield tag="500" ind1=" " ind2=" ">
    <subfield code="a">In Tibetan.</subfield>
  </datafield>
  <datafield tag="505" ind1="0" ind2=" ">
    <subfield code="a">pt. 1 (Ka). Rnal ʾbyor baʾi miṅ can Kun-dgaʾ-legs-paʾi rnam thar byuṅ tshul lhug bar smras pa źeb moʾi rtsiṅ mo ha la ho le sna zin spu zin nas bkod pa.--pt. 2 (Kha, ga, ṅa). Rnal ʾbyor baʾi miṅ can Kun-dgaʾ-legs-paʾi ñams la śar paʾi phral gyi chos spyod ʾdra daṅ ñams ʾchar ci byuṅ ma byuṅ bris pa skyag gtad gaṅ yaṅ med pa ʾgaʾ źig.</subfield>
  </datafield>
  <datafield tag="650" ind1=" " ind2="0">
    <subfield code="a">Saints, Lamaist</subfield>
    <subfield code="v">Biography.</subfield>
  </datafield>
  <datafield tag="650" ind1=" " ind2="0">
    <subfield code="a">ʾBrug-pa (Sect)</subfield>
    <subfield code="v">Biography.</subfield>
  </datafield>
  <datafield tag="650" ind1=" " ind2="0">
    <subfield code="a">Tibetan language</subfield>
    <subfield code="x">Texts.</subfield>
  </datafield>
  <datafield tag="700" ind1="0" ind2=" ">
    <subfield code="a">Yeshe Chhodar,</subfield>
    <subfield code="c">Khenpo.</subfield>
  </datafield>
</record>