

<record xmlns="http://www.loc.gov/MARC21/slim"
xmlns:xsi="http://www.w3.org/2001/XMLSchema-instance"
xsi:schemaLocation="http://www.loc.gov/MARC21/slim
http://www.loc.gov/standards/marcxml/schema/MARC21slim.xsd">
  <leader>01206nam a2200277Ii 4500</leader>
  <controlfield tag="001">002405593-X</controlfield>
  <controlfield tag="005">20020606093309.7</controlfield>
  <controlfield tag="008">780929s1969    ii            00000btibrd</controlfield>
  <datafield tag="010" ind1=" " ind2=" ">
    <subfield code="a">   74905331</subfield>
  </datafield>
  <datafield tag="035" ind1="0" ind2=" ">
    <subfield code="a">ocm04250139</subfield>
  </datafield>
  <datafield tag="040" ind1=" " ind2=" ">
    <subfield code="a">IUL</subfield>
    <subfield code="c">IUL</subfield>
    <subfield code="d">m.c.</subfield>
    <subfield code="d">CRL</subfield>
  </datafield>
  <datafield tag="090" ind1=" " ind2=" ">
    <subfield code="a">BQ7950.A877</subfield>
    <subfield code="b">B5 1969</subfield>
  </datafield>
  <datafield tag="130" ind1="0" ind2=" ">
    <subfield code="a">Bkaʾ gdams glegs bam.</subfield>
    <subfield code="p">Pha chos.</subfield>
  </datafield>
  <datafield tag="245" ind1="1" ind2="4">
    <subfield code="a">The biography of Atisha :</subfield>
    <subfield code="b">how he preached the law of the Buddha in India, and his journey to Suvarnadvipa, etc. = Jo-bo rjesu Rgya-gar du bstan pa ji ltar spel paʾi mdzad pa daṅ rnam thar bźugso.</subfield>
  </datafield>
  <datafield tag="246" ind1="3" ind2=" ">
    <subfield code="a">Jo-bo rjesu Rgya-gar du bstan pa ji ltar spel paʾi mdzad pa daṅ rnam thar.</subfield>
  </datafield>
  <datafield tag="246" ind1="3" ind2=" ">
    <subfield code="a">Jo-bo rje lta gcig dpal ldan A-ti-śas Rgya-gar du bstan pa ji ltar spel ba daṅ gser gliṅ pa phe bas pa sogs kyi rnam thar.</subfield>
  </datafield>
  <datafield tag="260" ind1="0" ind2=" ">
    <subfield code="a">[Varanasi :</subfield>
    <subfield code="b">E. Kalsang],</subfield>
    <subfield code="c">1969.</subfield>
  </datafield>
  <datafield tag="300" ind1=" " ind2=" ">
    <subfield code="a">112 p. :</subfield>
    <subfield code="c">19 cm.</subfield>
  </datafield>
  <datafield tag="500" ind1=" " ind2=" ">
    <subfield code="a">Cover title.</subfield>
  </datafield>
  <datafield tag="500" ind1=" " ind2=" ">
    <subfield code="a">Title on p. 1: Jo-bo rje lta gcig dpal ldan A-ti-śas Rgya-gar du bstan pa ji ltar spel ba daṅ gser gliṅ pa phe bas pa sogs kyi rnam thar.</subfield>
  </datafield>
  <datafield tag="500" ind1=" " ind2=" ">
    <subfield code="a">In Tibetan.</subfield>
  </datafield>
  <datafield tag="600" ind1="0" ind2="0">
    <subfield code="a">Atīśa,</subfield>
    <subfield code="d">982-1054.</subfield>
  </datafield>
  <datafield tag="650" ind1=" " ind2="0">
    <subfield code="a">Tibetan language</subfield>
    <subfield code="x">Texts.</subfield>
  </datafield>
</record>