

<record xmlns="http://www.loc.gov/MARC21/slim"
xmlns:xsi="http://www.w3.org/2001/XMLSchema-instance"
xsi:schemaLocation="http://www.loc.gov/MARC21/slim
http://www.loc.gov/standards/marcxml/schema/MARC21slim.xsd">
  <leader>01024nam a2200277Ii 4500</leader>
  <controlfield tag="001">002405696-0</controlfield>
  <controlfield tag="005">20020606093309.7</controlfield>
  <controlfield tag="008">790315s1973    ii a          00010 tibrd</controlfield>
  <datafield tag="035" ind1="0" ind2=" ">
    <subfield code="a">ocm04745911</subfield>
  </datafield>
  <datafield tag="040" ind1=" " ind2=" ">
    <subfield code="a">IUL</subfield>
    <subfield code="c">IUL</subfield>
    <subfield code="d">m/c</subfield>
    <subfield code="d">CRL</subfield>
  </datafield>
  <datafield tag="043" ind1=" " ind2=" ">
    <subfield code="a">a-cc-ti</subfield>
  </datafield>
  <datafield tag="090" ind1=" " ind2=" ">
    <subfield code="a">AY1149.T5</subfield>
    <subfield code="b">B785</subfield>
  </datafield>
  <datafield tag="100" ind1="0" ind2=" ">
    <subfield code="a">Bstan-ʾdzin-chos-bzaṅ.</subfield>
  </datafield>
  <datafield tag="245" ind1="1" ind2="0">
    <subfield code="a">Kun dgaʾ źes pa ʾbyuṅ ba sum ldan śiṅ pho stag gi leʾu tho byed grub zuṅ ʾbrel nas mkhaʾi nor bu b źes bya bźugs /</subfield>
    <subfield code="c">Khu-nu Bla-ma yoṅs grags Bsod-nams-ʾbrug-rgyal gyi bu Bstan-ʾdzin-chos-bzaṅ pas spel.</subfield>
  </datafield>
  <datafield tag="246" ind1="3" ind2=" ">
    <subfield code="a">Bla-ma Bsod-nams-ʾbrug-rgyas lo tho.</subfield>
  </datafield>
  <datafield tag="260" ind1="0" ind2=" ">
    <subfield code="a">[Dilli :</subfield>
    <subfield code="b">Bstan-ʾdzin-chos-bzaṅ,</subfield>
    <subfield code="c">1973]</subfield>
  </datafield>
  <datafield tag="300" ind1=" " ind2=" ">
    <subfield code="a">112 p. :</subfield>
    <subfield code="b">ill. ;</subfield>
    <subfield code="c">10 x 27 cm.</subfield>
  </datafield>
  <datafield tag="500" ind1=" " ind2=" ">
    <subfield code="a">At head of title in 3 scripts: Namaḥśrīkālacakrȳa.</subfield>
  </datafield>
  <datafield tag="500" ind1=" " ind2=" ">
    <subfield code="a">On cover: Bla-ma Bsod-nams-ʾbrug-rgyas lo tho.</subfield>
  </datafield>
  <datafield tag="500" ind1=" " ind2=" ">
    <subfield code="a">In Tibetan.</subfield>
  </datafield>
  <datafield tag="500" ind1=" " ind2=" ">
    <subfield code="a">Calendar for 1974-75.</subfield>
  </datafield>
  <datafield tag="650" ind1=" " ind2="0">
    <subfield code="a">Almanacs, Tibetan.</subfield>
  </datafield>
  <datafield tag="650" ind1=" " ind2="0">
    <subfield code="a">Tibetan language</subfield>
    <subfield code="x">Texts.</subfield>
  </datafield>
</record>