

<record xmlns="http://www.loc.gov/MARC21/slim"
xmlns:xsi="http://www.w3.org/2001/XMLSchema-instance"
xsi:schemaLocation="http://www.loc.gov/MARC21/slim
http://www.loc.gov/standards/marcxml/schema/MARC21slim.xsd">
  <leader>01185nam a2200277Ia 4500</leader>
  <controlfield tag="001">002407861-1</controlfield>
  <controlfield tag="005">20020606093309.7</controlfield>
  <controlfield tag="008">811005s1969    ii            00010 tibod</controlfield>
  <datafield tag="010" ind1=" " ind2=" ">
    <subfield code="a">   70911640</subfield>
  </datafield>
  <datafield tag="035" ind1="0" ind2=" ">
    <subfield code="a">ocm07818594</subfield>
  </datafield>
  <datafield tag="040" ind1=" " ind2=" ">
    <subfield code="a">IUL</subfield>
    <subfield code="c">IUL</subfield>
    <subfield code="d">CRL</subfield>
  </datafield>
  <datafield tag="043" ind1=" " ind2=" ">
    <subfield code="a">a-cc-ti</subfield>
  </datafield>
  <datafield tag="050" ind1=" " ind2=" ">
    <subfield code="a">BQ998.E737</subfield>
    <subfield code="b">C48</subfield>
  </datafield>
  <datafield tag="100" ind1="0" ind2=" ">
    <subfield code="a">Chos-kyi-ñin-byed,</subfield>
    <subfield code="c">Bde-chen-chos-ʼkhor Źabs-druṅ VII,</subfield>
    <subfield code="d">1829-</subfield>
  </datafield>
  <datafield tag="245" ind1="1" ind2="0">
    <subfield code="a">Kun mkhyen yoṅs ʼdzin bla maʼi źabs kyi rnam par thar pa cha tsam brjod pa byin rlabs mchog gi gter bum ces bya ba :</subfield>
    <subfield code="b">ʼBrug-bde-chos Yoṅs-ʼdzin-sku-phreṅ-lṅa-pa Ye-śes-grub-paʼi-rnam thar Chos-mgon-sku-phreṅ-bdun-pa Chos-kyi-ñin-byed kyis mdzad pa.</subfield>
  </datafield>
  <datafield tag="246" ind1="3" ind2=" ">
    <subfield code="a">Byin rlabs mchog gi gter bum.</subfield>
  </datafield>
  <datafield tag="260" ind1="0" ind2=" ">
    <subfield code="a">Darjeeling :</subfield>
    <subfield code="b">ʼBrug-gduṅ-sras Ṅag-dbaṅ-bde-chen-ʼgyur-med,</subfield>
    <subfield code="c">1969.</subfield>
  </datafield>
  <datafield tag="300" ind1=" " ind2=" ">
    <subfield code="a">40 p. ;</subfield>
    <subfield code="c">10 x 52 cm.</subfield>
  </datafield>
  <datafield tag="500" ind1=" " ind2=" ">
    <subfield code="a">In Tibetan.</subfield>
  </datafield>
  <datafield tag="500" ind1=" " ind2=" ">
    <subfield code="a">&quot;Sde-dge Ña-gśis-dgon-phu Gsaṅ-sṅags-bde-chen-gnas su dpar du bsgrubs pa las bśus.&quot;</subfield>
  </datafield>
  <datafield tag="600" ind1="0" ind2="0">
    <subfield code="a">Ye-śes-grub-pa,</subfield>
    <subfield code="c">Bde-chen-chos-ʼkhor Yoṅs-ʼdzin V,</subfield>
    <subfield code="d">1781-1845.</subfield>
  </datafield>
  <datafield tag="650" ind1=" " ind2="0">
    <subfield code="a">ʼBrug-pa lamas</subfield>
    <subfield code="z">China</subfield>
    <subfield code="z">Tibet Autonomous Region</subfield>
    <subfield code="x">Biography.</subfield>
  </datafield>
  <datafield tag="650" ind1=" " ind2="0">
    <subfield code="a">Tibetan language</subfield>
    <subfield code="x">Texts.</subfield>
  </datafield>
</record>