

<record xmlns="http://www.loc.gov/MARC21/slim"
xmlns:xsi="http://www.w3.org/2001/XMLSchema-instance"
xsi:schemaLocation="http://www.loc.gov/MARC21/slim
http://www.loc.gov/standards/marcxml/schema/MARC21slim.xsd">
  <leader>01404nam a2200325Ia 4500</leader>
  <controlfield tag="001">002407931-6</controlfield>
  <controlfield tag="005">20020606093309.7</controlfield>
  <controlfield tag="008">820203s1970    ii a          00010 tib d</controlfield>
  <datafield tag="010" ind1=" " ind2=" ">
    <subfield code="a">   78912761</subfield>
  </datafield>
  <datafield tag="020" ind1=" " ind2=" ">
    <subfield code="c">Rs300.00</subfield>
  </datafield>
  <datafield tag="020" ind1=" " ind2=" ">
    <subfield code="c">Rs300.00</subfield>
  </datafield>
  <datafield tag="035" ind1="0" ind2=" ">
    <subfield code="a">ocm08123012</subfield>
  </datafield>
  <datafield tag="040" ind1=" " ind2=" ">
    <subfield code="a">IUL</subfield>
    <subfield code="c">IUL</subfield>
    <subfield code="d">m/c</subfield>
    <subfield code="d">CRL</subfield>
  </datafield>
  <datafield tag="043" ind1=" " ind2=" ">
    <subfield code="a">a-cc-ti</subfield>
  </datafield>
  <datafield tag="050" ind1="0" ind2=" ">
    <subfield code="a">BQ5405</subfield>
    <subfield code="b">.D45 1970</subfield>
  </datafield>
  <datafield tag="100" ind1="0" ind2=" ">
    <subfield code="a">Dge-ʾdun-grub,</subfield>
    <subfield code="c">Dalai Lama I,</subfield>
    <subfield code="d">1391-1474.</subfield>
  </datafield>
  <datafield tag="240" ind1="1" ind2="0">
    <subfield code="a">ʾDul baʾi gleṅ ʾbum</subfield>
  </datafield>
  <datafield tag="245" ind1="1" ind2="0">
    <subfield code="a">ʾDul ba gleng ʾbum :</subfield>
    <subfield code="b">Legs par gsungs paʾi dam paʾi chos ʾdul baʾi gleng gzhi dang rtogs pa brjod pa lung sde bzhi kun las btus pa rin po cheʾi mdzod ; canonical stories exemplifying the conduct to be emulated by followers of Lord Buddha /</subfield>
    <subfield code="c">retold by His Holiness Dge-ʾdun-grub.</subfield>
  </datafield>
  <datafield tag="246" ind1="3" ind2=" ">
    <subfield code="a">Legs par gsuṅs paʾi dam paʾi chos ʾDul baʾi gleṅ bźi daṅ rtogs pa brjod pa.</subfield>
  </datafield>
  <datafield tag="246" ind1="3" ind2=" ">
    <subfield code="a">Lun sde bźi kun las btus pa rin po cheʾi mdzod.</subfield>
  </datafield>
  <datafield tag="260" ind1="0" ind2=" ">
    <subfield code="a">Delhi :</subfield>
    <subfield code="b">Neychhung &amp; Lhakhar,</subfield>
    <subfield code="c">1970.</subfield>
  </datafield>
  <datafield tag="300" ind1=" " ind2=" ">
    <subfield code="a">1121 columns, [1] p. :</subfield>
    <subfield code="b">ill. ;</subfield>
    <subfield code="c">29 x 43 cm.</subfield>
  </datafield>
  <datafield tag="500" ind1=" " ind2=" ">
    <subfield code="a">In Tibetan.</subfield>
  </datafield>
  <datafield tag="500" ind1=" " ind2=" ">
    <subfield code="a">1947 print, &quot;Po-ta-laʾi Źol Bkaʾ-ʾgyur-par-khaṅ du, yig thob ʾdra min rnams kyaṅ ʾBras-spuṅs-par-rñiṅ ñid sor bźag spar slog źus te, gsar bskrun&quot;.</subfield>
  </datafield>
  <datafield tag="650" ind1=" " ind2="0">
    <subfield code="a">Buddhist literature, Tibetan.</subfield>
  </datafield>
  <datafield tag="650" ind1=" " ind2="0">
    <subfield code="a">Dge-lugs-pa (Sect)</subfield>
    <subfield code="x">Literature.</subfield>
  </datafield>
  <datafield tag="650" ind1=" " ind2="0">
    <subfield code="a">Tibetan language</subfield>
    <subfield code="x">Texts.</subfield>
  </datafield>
</record>