

<record xmlns="http://www.loc.gov/MARC21/slim"
xmlns:xsi="http://www.w3.org/2001/XMLSchema-instance"
xsi:schemaLocation="http://www.loc.gov/MARC21/slim
http://www.loc.gov/standards/marcxml/schema/MARC21slim.xsd">
  <leader>01674nam a2200361Ia 4500</leader>
  <controlfield tag="001">002407942-1</controlfield>
  <controlfield tag="005">20020606093309.7</controlfield>
  <controlfield tag="008">820224s1972    ii            00010 tibod</controlfield>
  <datafield tag="010" ind1=" " ind2=" ">
    <subfield code="a">   74903277</subfield>
  </datafield>
  <datafield tag="020" ind1=" " ind2=" ">
    <subfield code="c">Rs13.14</subfield>
  </datafield>
  <datafield tag="020" ind1=" " ind2=" ">
    <subfield code="c">Rs13.14</subfield>
  </datafield>
  <datafield tag="035" ind1="0" ind2=" ">
    <subfield code="a">ocm08187801</subfield>
  </datafield>
  <datafield tag="040" ind1=" " ind2=" ">
    <subfield code="a">IUL</subfield>
    <subfield code="c">IUL</subfield>
    <subfield code="d">m/c</subfield>
    <subfield code="d">CRL</subfield>
  </datafield>
  <datafield tag="043" ind1=" " ind2=" ">
    <subfield code="a">a-cc-ti</subfield>
  </datafield>
  <datafield tag="090" ind1=" " ind2=" ">
    <subfield code="a">BQ4690.U754</subfield>
    <subfield code="b">T53 1972</subfield>
  </datafield>
  <datafield tag="100" ind1="0" ind2=" ">
    <subfield code="a">Dkon-mchog-lhun-grub,</subfield>
    <subfield code="c">Ṅor-chen,</subfield>
    <subfield code="d">1497-1557.</subfield>
  </datafield>
  <datafield tag="245" ind1="1" ind2="0">
    <subfield code="a">Gtsug-tor-rnam-par-rgyal-maʾi sgrub thabs stoṅ mchod rjes gnaṅ gi cho ga daṅ bcas pa Bdud rtsiʾi chu rgyun źes bya ba bźugs so /</subfield>
    <subfield code="c">[Dkon-mchog-lhun-grub kyis bkod]</subfield>
  </datafield>
  <datafield tag="246" ind1="3" ind2=" ">
    <subfield code="a">Rnam-par-rgyal-maʾi gzuṅs.</subfield>
  </datafield>
  <datafield tag="246" ind1="3" ind2=" ">
    <subfield code="a">Bcom-ldan-ʾdas Gtsug-tor-rnam-par-rgyal-ma la bstod pa.</subfield>
  </datafield>
  <datafield tag="246" ind1="3" ind2=" ">
    <subfield code="a">Gtsug-tor-rnam-par-rgyal-maʾi bla maʾi brgyud paʾi gsol ʾdebs.</subfield>
  </datafield>
  <datafield tag="260" ind1="0" ind2=" ">
    <subfield code="a">[Sgaṅ-tog :</subfield>
    <subfield code="b">Sa Ṅor Chos-tshogs,</subfield>
    <subfield code="c">1972]</subfield>
  </datafield>
  <datafield tag="300" ind1=" " ind2=" ">
    <subfield code="a">28 [i.e. 56] p. ;</subfield>
    <subfield code="c">10 x 41 cm.</subfield>
  </datafield>
  <datafield tag="500" ind1=" " ind2=" ">
    <subfield code="a">In Tibetan.</subfield>
  </datafield>
  <datafield tag="500" ind1=" " ind2=" ">
    <subfield code="a">Xylograph from blocks kept at the Sa Ṅor Tshogs-pa, Sgaṅ-tog, Sikkim.</subfield>
  </datafield>
  <datafield tag="505" ind1="2" ind2=" ">
    <subfield code="a">Rnam-par-rgyal-maʾi gzuṅs -- Bcom-ldan-ʾdas Gtsug-tor-rnam-par-rgyal-ma la bstod pa ʾChi med dpal sbyin / Kun-dgaʾ-bzaṅ-po -- Gtsug-tor-rnam-par-rgyal-maʾi bla maʾi brgyud paʾi gsol ʾdebs / Saṅs-rgyas-rin-chen.</subfield>
  </datafield>
  <datafield tag="650" ind1=" " ind2="0">
    <subfield code="a">Uṣṇīṣavijayā (Buddhist deity)</subfield>
    <subfield code="x">Cult</subfield>
    <subfield code="z">China</subfield>
    <subfield code="z">Tibet Autonomous Region.</subfield>
  </datafield>
  <datafield tag="650" ind1=" " ind2="0">
    <subfield code="a">Sa-skya-pa (Sect)</subfield>
    <subfield code="x">Rituals.</subfield>
  </datafield>
  <datafield tag="650" ind1=" " ind2="0">
    <subfield code="a">Tibetan language</subfield>
    <subfield code="x">Texts.</subfield>
  </datafield>
  <datafield tag="700" ind1="0" ind2="2">
    <subfield code="a">Kun-dgaʾ-bzaṅ-po,</subfield>
    <subfield code="d">1092-1158.</subfield>
    <subfield code="t">Bcom-ldan-ʾdas Gtsug-tor-rnam-par-rgyal-ma la bstod pa.</subfield>
  </datafield>
  <datafield tag="700" ind1="0" ind2="2">
    <subfield code="a">Saṅs-rgyas-rin-chen,</subfield>
    <subfield code="d">1453-1524.</subfield>
    <subfield code="t">Gtsug-tor-rnam-par-rgyal-maʾi bla maʾi brgyud paʾi gsol ʾdebs.</subfield>
  </datafield>
</record>