

<record xmlns="http://www.loc.gov/MARC21/slim"
xmlns:xsi="http://www.w3.org/2001/XMLSchema-instance"
xsi:schemaLocation="http://www.loc.gov/MARC21/slim
http://www.loc.gov/standards/marcxml/schema/MARC21slim.xsd">
  <leader>01809cam a2200325Ia 4500</leader>
  <controlfield tag="001">002409473-0</controlfield>
  <controlfield tag="005">20020606093309.7</controlfield>
  <controlfield tag="008">800812s1970    ii a          00010btibod</controlfield>
  <datafield tag="010" ind1=" " ind2=" ">
    <subfield code="a">   79915163</subfield>
  </datafield>
  <datafield tag="020" ind1=" " ind2=" ">
    <subfield code="c">Rs300.00</subfield>
  </datafield>
  <datafield tag="020" ind1=" " ind2=" ">
    <subfield code="c">Rs300.00</subfield>
  </datafield>
  <datafield tag="035" ind1="0" ind2=" ">
    <subfield code="a">ocm06611733</subfield>
  </datafield>
  <datafield tag="040" ind1=" " ind2=" ">
    <subfield code="a">IUL</subfield>
    <subfield code="c">IUL</subfield>
    <subfield code="d">CRL</subfield>
  </datafield>
  <datafield tag="090" ind1=" " ind2=" ">
    <subfield code="a">BQ950.B927</subfield>
    <subfield code="b">D3 1970</subfield>
  </datafield>
  <datafield tag="100" ind1="0" ind2=" ">
    <subfield code="a">Dbyaṅs-can-dgyes-paʾi-rdo-rje,</subfield>
    <subfield code="c">Dṅul-chu.</subfield>
  </datafield>
  <datafield tag="240" ind1="1" ind2="0">
    <subfield code="a">Rigs-daṅ-dkyil-ʾkhor-rgya-mtshoʾi-mṅaʾ-bdag Rdo-rje-sems-dpaʾi-ṅo-bo Bkaʾ-drin-gsum-ldan Rje-btsun-bla-ma Thams-cad-mkhyen-pa Blo-bzaṅ-chos-ʾphel-dpal-bzaṅ-poʾi rnam thar.</subfield>
  </datafield>
  <datafield tag="245" ind1="1" ind2="4">
    <subfield code="a">The biography of Dbyaṅs-can-grub-paʾi-rdo-rje of Dngul-chu :</subfield>
    <subfield code="b">being the text of Rigs dang dkyil ʾkhor rgya mtshoʾi mngaʾ bdag Rdo rje sems dpaʾi ngo bo bkaʾ drin gsum ldan rje btsun bla ma thams cad mkhyen pa Blo bzang chos ʾphel bzang poʾi zhal snga nas kyi rnam par thar pa Dge ldan bstan paʾi nyi ʾod /</subfield>
    <subfield code="c">by Dbyangs-can-dgyes-paʾi-rdo-rje alias Blo-bzang-ʾjigs-med-dbang-po of Dngul-chu ; edited by Ngawang Gelek Demo.</subfield>
  </datafield>
  <datafield tag="246" ind1="3" ind2=" ">
    <subfield code="a">Rigs daṅ dkyil ʾkhor rgya mtshoʾi mṅaʾ bdag Rdo rje sems dpaʾi ṅo bo bkaʾ drin gsum ldan rje btsun bla ma thams cad mkhyen pa Blo-bzaṅ-chos-ʾphel-dpal-bzaṅ-poʾi źal sṅa nas kyi rnam par thar pa Dge ldan bstan paʾi ñi ʾod.</subfield>
  </datafield>
  <datafield tag="246" ind1="3" ind2=" ">
    <subfield code="a">Dge ldan bstan paʾi ñi ʾod.</subfield>
  </datafield>
  <datafield tag="260" ind1="0" ind2=" ">
    <subfield code="a">New Delhi :</subfield>
    <subfield code="b">Ngawang Gelek Demo,</subfield>
    <subfield code="c">1970.</subfield>
  </datafield>
  <datafield tag="300" ind1=" " ind2=" ">
    <subfield code="a">413 columns :</subfield>
    <subfield code="b">ill. ;</subfield>
    <subfield code="c">29 x 42 cm.</subfield>
  </datafield>
  <datafield tag="440" ind1=" " ind2="0">
    <subfield code="a">Gedan sungrab minyam gyunphel series ;</subfield>
    <subfield code="v">v. 16</subfield>
  </datafield>
  <datafield tag="500" ind1=" " ind2=" ">
    <subfield code="a">In Tibetan.</subfield>
  </datafield>
  <datafield tag="500" ind1=" " ind2=" ">
    <subfield code="a">&quot;Reproduced from a xylographic print of the Dngul-chu edition.&quot;</subfield>
  </datafield>
  <datafield tag="600" ind1="0" ind2="0">
    <subfield code="a">Dbyaṅs-can-grub-paʾi-rdo-rje,</subfield>
    <subfield code="c">Dṅul-chu,</subfield>
    <subfield code="d">1809-1887.</subfield>
  </datafield>
  <datafield tag="650" ind1=" " ind2="0">
    <subfield code="a">Dge-lugs-pa lamas</subfield>
    <subfield code="z">China</subfield>
    <subfield code="z">Tibet Autonomous Region</subfield>
    <subfield code="v">Biography.</subfield>
  </datafield>
  <datafield tag="650" ind1=" " ind2="0">
    <subfield code="a">Tibetan language</subfield>
    <subfield code="x">Texts.</subfield>
  </datafield>
</record>