

<record xmlns="http://www.loc.gov/MARC21/slim"
xmlns:xsi="http://www.w3.org/2001/XMLSchema-instance"
xsi:schemaLocation="http://www.loc.gov/MARC21/slim
http://www.loc.gov/standards/marcxml/schema/MARC21slim.xsd">
  <leader>01072nam a2200301Ii 4500</leader>
  <controlfield tag="001">002409779-9</controlfield>
  <controlfield tag="005">20020606093309.7</controlfield>
  <controlfield tag="008">801007s1970    np a          00010 tibod</controlfield>
  <datafield tag="010" ind1=" " ind2=" ">
    <subfield code="a">   78919797</subfield>
  </datafield>
  <datafield tag="020" ind1=" " ind2=" ">
    <subfield code="c">Rs23.00</subfield>
  </datafield>
  <datafield tag="020" ind1=" " ind2=" ">
    <subfield code="c">Rs23.00</subfield>
  </datafield>
  <datafield tag="035" ind1="0" ind2=" ">
    <subfield code="a">ocm06799186</subfield>
  </datafield>
  <datafield tag="040" ind1=" " ind2=" ">
    <subfield code="a">IUL</subfield>
    <subfield code="c">IUL</subfield>
    <subfield code="d">m/c</subfield>
    <subfield code="d">CRL</subfield>
  </datafield>
  <datafield tag="043" ind1=" " ind2=" ">
    <subfield code="a">a-cc-ti</subfield>
  </datafield>
  <datafield tag="050" ind1="0" ind2=" ">
    <subfield code="a">BQ4710.A83</subfield>
    <subfield code="b">B76 1970</subfield>
  </datafield>
  <datafield tag="100" ind1="0" ind2=" ">
    <subfield code="a">Bskal-bzaṅ-rgya-mtsho,</subfield>
    <subfield code="c">Dalai Lama VII,</subfield>
    <subfield code="d">1708-1757.</subfield>
  </datafield>
  <datafield tag="245" ind1="1" ind2="0">
    <subfield code="a">Thugs-rje-chen-po Źal-bcu-gcig-po Dpal-mo lugs kyi sgrub thabs smyuṅ bar gnas paʾi cho ga daṅ deʾi bla ma brgyud paʾi gsolʾdebs bcas /</subfield>
    <subfield code="c">[Blo-bzaṅ-bskal-bzaṅ-rgya-mtshos ... bygis pao̓.</subfield>
  </datafield>
  <datafield tag="260" ind1="0" ind2=" ">
    <subfield code="a">S.l. :</subfield>
    <subfield code="b">s.n.,</subfield>
    <subfield code="c">1970]</subfield>
  </datafield>
  <datafield tag="300" ind1=" " ind2=" ">
    <subfield code="a">46 p. [i.e. 92] p. :</subfield>
    <subfield code="b">ill. ;</subfield>
    <subfield code="c">11 x 42 cm.</subfield>
  </datafield>
  <datafield tag="500" ind1=" " ind2=" ">
    <subfield code="a">In Tibetan.</subfield>
  </datafield>
  <datafield tag="500" ind1=" " ind2=" ">
    <subfield code="a">&quot;Par ʾdi Gsaṅ-sṅ̇ags-chos-gliṅ Dgon du bźugs.&quot;</subfield>
  </datafield>
  <datafield tag="650" ind1=" " ind2="0">
    <subfield code="a">Avalokiteśvara (Buddhist deity)</subfield>
    <subfield code="x">Cult</subfield>
    <subfield code="z">China</subfield>
    <subfield code="z">Tibet Autonomous Region.</subfield>
  </datafield>
  <datafield tag="650" ind1=" " ind2="0">
    <subfield code="a">Dge-lugs-pa (Sect)</subfield>
    <subfield code="x">Rituals.</subfield>
  </datafield>
  <datafield tag="650" ind1=" " ind2="0">
    <subfield code="a">Smyuṅ gnas (Tibetan ritual)</subfield>
  </datafield>
  <datafield tag="650" ind1=" " ind2="0">
    <subfield code="a">Tibetan language</subfield>
    <subfield code="x">Texts.</subfield>
  </datafield>
</record>