

<record xmlns="http://www.loc.gov/MARC21/slim"
xmlns:xsi="http://www.w3.org/2001/XMLSchema-instance"
xsi:schemaLocation="http://www.loc.gov/MARC21/slim
http://www.loc.gov/standards/marcxml/schema/MARC21slim.xsd">
  <leader>01277nam a2200301Ii 4500</leader>
  <controlfield tag="001">002409780-2</controlfield>
  <controlfield tag="005">20020606093309.7</controlfield>
  <controlfield tag="008">801007s1969    ii a          00010 tibod</controlfield>
  <datafield tag="010" ind1=" " ind2=" ">
    <subfield code="a">   76909265</subfield>
  </datafield>
  <datafield tag="020" ind1=" " ind2=" ">
    <subfield code="c">Rs6.00</subfield>
  </datafield>
  <datafield tag="020" ind1=" " ind2=" ">
    <subfield code="c">Rs6.00</subfield>
  </datafield>
  <datafield tag="035" ind1="0" ind2=" ">
    <subfield code="a">ocm06799190</subfield>
  </datafield>
  <datafield tag="040" ind1=" " ind2=" ">
    <subfield code="a">IUL</subfield>
    <subfield code="c">IUL</subfield>
    <subfield code="d">m/c</subfield>
    <subfield code="d">CRL</subfield>
  </datafield>
  <datafield tag="043" ind1=" " ind2=" ">
    <subfield code="a">a-cc-ti</subfield>
  </datafield>
  <datafield tag="090" ind1=" " ind2=" ">
    <subfield code="a">BQ4710.A84</subfield>
    <subfield code="b">T5233 1969</subfield>
  </datafield>
  <datafield tag="100" ind1="0" ind2=" ">
    <subfield code="a">Bskal-bzaṅ-rgya-mtsho,</subfield>
    <subfield code="c">Dalai Lama VII,</subfield>
    <subfield code="d">1708-1757.</subfield>
  </datafield>
  <datafield tag="245" ind1="1" ind2="0">
    <subfield code="a">Thugs-rje-chen-po Źal-bcu-gcig-pa padmo [i.e. Dpal mo] lugs kyi sgrub thabs smyuṅ bar gnas paʾi chog daṅ Bla brgyud gsol ʾdebs, Smon lam gñis Gśis brjod bcas bźugs so /</subfield>
    <subfield code="c">[Blo-bzaṅ-bskal-bzaṅ-rgya-mtshos ... bgyis paʾo.</subfield>
  </datafield>
  <datafield tag="260" ind1="0" ind2=" ">
    <subfield code="a">Byallakuppa? :</subfield>
    <subfield code="b">s.n.,</subfield>
    <subfield code="c">1969?]</subfield>
  </datafield>
  <datafield tag="300" ind1=" " ind2=" ">
    <subfield code="a">58 [i.e. 115] p. :</subfield>
    <subfield code="b">ill. ;</subfield>
    <subfield code="c">9 x 29 cm.</subfield>
  </datafield>
  <datafield tag="500" ind1=" " ind2=" ">
    <subfield code="a">In Tibetan.</subfield>
  </datafield>
  <datafield tag="505" ind1="2" ind2=" ">
    <subfield code="a">E Mkhaʾ-spyod-bstan-dar gyis mdzad paʾi smyuṅ gnas smon lam.--Rgyal-ba Bskal-bzaṅ-rgya-mtshos mdzad paʾi smyuṅ gnas smon lam.--Paṇ-chen Blo-bzaṅ-chos-kyi-rgyal-mtshan gyis mdzad paʾi smyuṅ gnas śis brjod.</subfield>
  </datafield>
  <datafield tag="650" ind1=" " ind2="0">
    <subfield code="a">Avalokiteśvara (Buddhist deity)</subfield>
    <subfield code="x">Cult</subfield>
    <subfield code="z">China</subfield>
    <subfield code="z">Tibet Autonomous Region.</subfield>
  </datafield>
  <datafield tag="650" ind1=" " ind2="0">
    <subfield code="a">Dge-lugs-pa (Sect)</subfield>
    <subfield code="x">Rituals.</subfield>
  </datafield>
  <datafield tag="650" ind1=" " ind2="0">
    <subfield code="a">Smyuṅ gnas (Tibetan ritual).</subfield>
  </datafield>
  <datafield tag="650" ind1=" " ind2="0">
    <subfield code="a">Tibetan language</subfield>
    <subfield code="x">Texts.</subfield>
  </datafield>
</record>