

<record xmlns="http://www.loc.gov/MARC21/slim"
xmlns:xsi="http://www.w3.org/2001/XMLSchema-instance"
xsi:schemaLocation="http://www.loc.gov/MARC21/slim
http://www.loc.gov/standards/marcxml/schema/MARC21slim.xsd">
  <leader>01010nam a2200313Ia 4500</leader>
  <controlfield tag="001">002409880-9</controlfield>
  <controlfield tag="005">20020606093309.7</controlfield>
  <controlfield tag="008">820511s1972    np a          00000 tibou</controlfield>
  <datafield tag="010" ind1=" " ind2=" ">
    <subfield code="a">   77900097</subfield>
  </datafield>
  <datafield tag="020" ind1=" " ind2=" ">
    <subfield code="c">Rs4.00</subfield>
  </datafield>
  <datafield tag="020" ind1=" " ind2=" ">
    <subfield code="c">Rs4.00</subfield>
  </datafield>
  <datafield tag="035" ind1="0" ind2=" ">
    <subfield code="a">ocm08415917</subfield>
  </datafield>
  <datafield tag="040" ind1=" " ind2=" ">
    <subfield code="c">IUL</subfield>
    <subfield code="d">m/c</subfield>
    <subfield code="d">CRL</subfield>
  </datafield>
  <datafield tag="043" ind1=" " ind2=" ">
    <subfield code="a">a-cc-ti ; a-np---</subfield>
  </datafield>
  <datafield tag="050" ind1="0" ind2=" ">
    <subfield code="a">BQ7695</subfield>
    <subfield code="b">.G57 1972</subfield>
  </datafield>
  <datafield tag="245" ind1="0" ind2="0">
    <subfield code="a">Gnas brtan phyag mchod daṅ ʾbrel bar cho ga mdor bsdus bya tshul bźugs so.</subfield>
  </datafield>
  <datafield tag="260" ind1="0" ind2=" ">
    <subfield code="a">S.l. :</subfield>
    <subfield code="b">s.n.,</subfield>
    <subfield code="c">[1972]</subfield>
  </datafield>
  <datafield tag="300" ind1=" " ind2=" ">
    <subfield code="a">9 [i.e. 17] p. ;</subfield>
    <subfield code="b">ill. ;</subfield>
    <subfield code="c">10 x 41 cm.</subfield>
  </datafield>
  <datafield tag="500" ind1=" " ind2=" ">
    <subfield code="a">In Tibetan.</subfield>
  </datafield>
  <datafield tag="500" ind1=" " ind2=" ">
    <subfield code="a">&quot;Mañdzu-ghoṣas bris pa dge.&quot;</subfield>
  </datafield>
  <datafield tag="500" ind1=" " ind2=" ">
    <subfield code="a">Xylograph from blocks kept at Thub-bstan-chos-gliṅ Dgon, solu, Nepal.</subfield>
  </datafield>
  <datafield tag="650" ind1=" " ind2="0">
    <subfield code="a">Sthaviras</subfield>
    <subfield code="x">Cult.</subfield>
  </datafield>
  <datafield tag="650" ind1=" " ind2="0">
    <subfield code="a">Rñiṅ-ma-pa (Sect)</subfield>
    <subfield code="x">Rituals.</subfield>
  </datafield>
  <datafield tag="650" ind1=" " ind2="0">
    <subfield code="a">Tibetan language</subfield>
    <subfield code="x">Texts.</subfield>
  </datafield>
  <datafield tag="700" ind1="0" ind2=" ">
    <subfield code="a">Mkhyen-brtseʾi-dbaṅ-po,</subfield>
    <subfield code="c">ʾJam-dbyaṅs,</subfield>
    <subfield code="d">1820-1892.</subfield>
  </datafield>
  <datafield tag="700" ind1="0" ind2=" ">
    <subfield code="a">Śākyaśrībhadra,</subfield>
    <subfield code="c">Kha-che Paṇ-chen,</subfield>
    <subfield code="d">1127?-1225?</subfield>
  </datafield>
</record>