

<record xmlns="http://www.loc.gov/MARC21/slim"
xmlns:xsi="http://www.w3.org/2001/XMLSchema-instance"
xsi:schemaLocation="http://www.loc.gov/MARC21/slim
http://www.loc.gov/standards/marcxml/schema/MARC21slim.xsd">
  <leader>00794nam a2200205Ma 4500</leader>
  <controlfield tag="001">002410448-5</controlfield>
  <controlfield tag="005">20020606093309.7</controlfield>
  <controlfield tag="008">881017s1973    xx            00010 tib d</controlfield>
  <datafield tag="035" ind1="0" ind2=" ">
    <subfield code="a">ocm21753435</subfield>
  </datafield>
  <datafield tag="040" ind1=" " ind2=" ">
    <subfield code="a">CUY</subfield>
    <subfield code="c">CUY</subfield>
    <subfield code="d">CRL</subfield>
  </datafield>
  <datafield tag="090" ind1=" " ind2=" ">
    <subfield code="a">BQ7695</subfield>
    <subfield code="b">.B37 1973</subfield>
  </datafield>
  <datafield tag="100" ind1="0" ind2=" ">
    <subfield code="a">Bdud-ʾjoms ʾJigs-bral-ye-śes-rdo-rje,</subfield>
    <subfield code="d">1904-1987.</subfield>
  </datafield>
  <datafield tag="245" ind1="1" ind2="0">
    <subfield code="a">Dge bsñen btsan rgod gdug pa sñiṅ ʾbyin Jag-pa-me-len gyi mchod sprin las byaṅ khrag ʾthuṅ dgyes paʾi gad rgyaṅs.</subfield>
  </datafield>
  <datafield tag="260" ind1="1" ind2=" ">
    <subfield code="a">[</subfield>
    <subfield code="b">s.n.,</subfield>
    <subfield code="c">1973]</subfield>
  </datafield>
  <datafield tag="300" ind1=" " ind2=" ">
    <subfield code="a">106 p. in various pagings ;</subfield>
    <subfield code="c">9 x 36 cm.</subfield>
  </datafield>
  <datafield tag="500" ind1=" " ind2=" ">
    <subfield code="a">Xylographic print from the blocks preserved at Gyaray (Rgya-re) House in Mannali.</subfield>
  </datafield>
  <datafield tag="500" ind1=" " ind2=" ">
    <subfield code="a">Rites for the propitiation of the Drukpa Kargyudpa and Nyingmapa protective deity Jag-pa-me-len.</subfield>
  </datafield>
</record>