

<record xmlns="http://www.loc.gov/MARC21/slim"
xmlns:xsi="http://www.w3.org/2001/XMLSchema-instance"
xsi:schemaLocation="http://www.loc.gov/MARC21/slim
http://www.loc.gov/standards/marcxml/schema/MARC21slim.xsd">
  <leader>01734nam a2200361Ia 4500</leader>
  <controlfield tag="001">002419373-9</controlfield>
  <controlfield tag="005">20020606093309.7</controlfield>
  <controlfield tag="008">810217s1970    np a          00010 tibod</controlfield>
  <datafield tag="010" ind1=" " ind2=" ">
    <subfield code="a">   74928261</subfield>
  </datafield>
  <datafield tag="020" ind1=" " ind2=" ">
    <subfield code="c">Rs27.50</subfield>
  </datafield>
  <datafield tag="035" ind1="0" ind2=" ">
    <subfield code="a">ocm07130795</subfield>
  </datafield>
  <datafield tag="040" ind1=" " ind2=" ">
    <subfield code="a">IUL</subfield>
    <subfield code="c">IUL</subfield>
    <subfield code="d">CRL</subfield>
  </datafield>
  <datafield tag="043" ind1=" " ind2=" ">
    <subfield code="a">a-cc-ti</subfield>
  </datafield>
  <datafield tag="090" ind1=" " ind2=" ">
    <subfield code="a">BQ4860.H374</subfield>
    <subfield code="b">T512 1970</subfield>
  </datafield>
  <datafield tag="100" ind1="0" ind2=" ">
    <subfield code="a">Bde-baʾi-rdo-rje.</subfield>
  </datafield>
  <datafield tag="240" ind1="1" ind2="0">
    <subfield code="a">Rdo-rje-phag-moʾi zab khrid.</subfield>
    <subfield code="k">Selections</subfield>
  </datafield>
  <datafield tag="245" ind1="0" ind2="0">
    <subfield code="a">Rdo-rje-phag-moʾi zab khrid las :</subfield>
    <subfield code="b">Rta-mgrin dbaṅ gi rgyal poʾi bla maʾi thugs bsgrub Yid bźin nor buʾi brgyud ʾdebs dṅos grub mchog stsol źes bya ba bźugs so /</subfield>
    <subfield code="c">[Bde-baʾi-rdo-rjes ... spyan draṅs].</subfield>
  </datafield>
  <datafield tag="246" ind1="3" ind2=" ">
    <subfield code="a">Rta-mgrin dbaṅ gi rgyal poʾi bla ma i thugs bsgrub Yid bźin nor bu brgyud ʾdebs.</subfield>
  </datafield>
  <datafield tag="246" ind1="3" ind2=" ">
    <subfield code="a">Yid bźin nor bu brgyud ʾdebs Dṅos grub mchog stsol.</subfield>
  </datafield>
  <datafield tag="246" ind1="3" ind2=" ">
    <subfield code="a">Rdo rje phag moʾi zab khrid kyi Rta mgrin las byaṅ skor.</subfield>
  </datafield>
  <datafield tag="260" ind1="0" ind2=" ">
    <subfield code="a">S.l. :</subfield>
    <subfield code="b">s.n.,</subfield>
    <subfield code="c">[1970]</subfield>
  </datafield>
  <datafield tag="300" ind1=" " ind2=" ">
    <subfield code="a">32 [i.e. 64] p. in various pagings :</subfield>
    <subfield code="b">ill. ;</subfield>
    <subfield code="c">9 x 42 cm.</subfield>
  </datafield>
  <datafield tag="500" ind1=" " ind2=" ">
    <subfield code="a">In Tibetan.</subfield>
  </datafield>
  <datafield tag="500" ind1=" " ind2=" ">
    <subfield code="a">Stamped on t.p.: Lhun chos.</subfield>
  </datafield>
  <datafield tag="500" ind1=" " ind2=" ">
    <subfield code="a">Xylograph from blocks kept at Dgon-steṅ Bśad-sgrub-chos-gliṅ Dgon in Solu, Nepal.</subfield>
  </datafield>
  <datafield tag="500" ind1=" " ind2=" ">
    <subfield code="a">Spine title: Rdo rje phag moʾi zab khrid kyi Rta mgrin las byaṅ skor.</subfield>
  </datafield>
  <datafield tag="505" ind1="2" ind2=" ">
    <subfield code="a">Rta-mgrin dbaṅ gi rgyal poʾi bla maʾi thugs sgrub Yid bźin nor bu ma bur bsdebs paʾi khrigs chog rid ʾdzin ziṅ sgrub. -- Rta-mgrin bla maʾi thugs sgrub Yid bźin nor buʾi gter sruṅ dregs pa sde lṅaʾi gsol mchod Bsam don lhun grub. -- Thugs dam gnad bskul.</subfield>
  </datafield>
  <datafield tag="650" ind1=" " ind2="0">
    <subfield code="a">Hayagrīva (Buddhist deity)</subfield>
    <subfield code="x">Cult</subfield>
    <subfield code="z">China</subfield>
    <subfield code="z">Tibet Autonomous Region.</subfield>
  </datafield>
  <datafield tag="650" ind1=" " ind2="0">
    <subfield code="a">Rñiṅ-ma-pa (Sect)</subfield>
    <subfield code="x">Rituals.</subfield>
  </datafield>
  <datafield tag="650" ind1=" " ind2="0">
    <subfield code="a">Tibetan language</subfield>
    <subfield code="x">Texts.</subfield>
  </datafield>
</record>