

<record xmlns="http://www.loc.gov/MARC21/slim"
xmlns:xsi="http://www.w3.org/2001/XMLSchema-instance"
xsi:schemaLocation="http://www.loc.gov/MARC21/slim
http://www.loc.gov/standards/marcxml/schema/MARC21slim.xsd">
  <leader>02232nam a2200373Ia 4500</leader>
  <controlfield tag="001">002419374-7</controlfield>
  <controlfield tag="005">20020606093309.7</controlfield>
  <controlfield tag="008">810217s1971    np            00010 tibod</controlfield>
  <datafield tag="010" ind1=" " ind2=" ">
    <subfield code="a">   77900098</subfield>
  </datafield>
  <datafield tag="020" ind1=" " ind2=" ">
    <subfield code="c">Rs50.00</subfield>
  </datafield>
  <datafield tag="020" ind1=" " ind2=" ">
    <subfield code="c">Rs50.00</subfield>
  </datafield>
  <datafield tag="035" ind1="0" ind2=" ">
    <subfield code="a">ocm07131521</subfield>
  </datafield>
  <datafield tag="040" ind1=" " ind2=" ">
    <subfield code="a">IUL</subfield>
    <subfield code="c">IUL</subfield>
    <subfield code="d">m/c</subfield>
    <subfield code="d">CRL</subfield>
  </datafield>
  <datafield tag="043" ind1=" " ind2=" ">
    <subfield code="a">a-cc-ti</subfield>
  </datafield>
  <datafield tag="090" ind1=" " ind2=" ">
    <subfield code="a">BQ4890.V334</subfield>
    <subfield code="b">T511 1971</subfield>
  </datafield>
  <datafield tag="100" ind1="0" ind2=" ">
    <subfield code="a">Bde-baʾi-rdo-rje.</subfield>
  </datafield>
  <datafield tag="240" ind1="1" ind2="0">
    <subfield code="a">Rdo-rje-phag-moʾi zab khrid.</subfield>
    <subfield code="k">Selections.</subfield>
  </datafield>
  <datafield tag="245" ind1="0" ind2="0">
    <subfield code="a">Rdo-rje-phag-moʾi zab khrid las :</subfield>
    <subfield code="b">Bar chad kun sel byed dbaṅ gi Phur pa bkaʾ rgya maʾi brgyud ʾdebs Grub gñis mchog stsol bźugs so /</subfield>
    <subfield code="c">[Bde-baʾi-rdo-rjeʾi gter maʾo]</subfield>
  </datafield>
  <datafield tag="246" ind1="3" ind2=" ">
    <subfield code="a">Bar chad kun sel byed dbaṅ gi Phur pa bkaʾ rgya maʾi brgyud ʾdebs Grub gñis mchog stsol.</subfield>
  </datafield>
  <datafield tag="246" ind1="3" ind2=" ">
    <subfield code="a">Rdo rje phag moʾi zab khrid kyi Phur paʾi skor.</subfield>
  </datafield>
  <datafield tag="246" ind1="3" ind2=" ">
    <subfield code="a">Grub gñis mchog stsol.</subfield>
  </datafield>
  <datafield tag="260" ind1="0" ind2=" ">
    <subfield code="a">S.l. :</subfield>
    <subfield code="b">s.n.,</subfield>
    <subfield code="c">[1971]</subfield>
  </datafield>
  <datafield tag="300" ind1=" " ind2=" ">
    <subfield code="a">[189] p. in various pagings ;</subfield>
    <subfield code="c">10 x 45 cm.</subfield>
  </datafield>
  <datafield tag="500" ind1=" " ind2=" ">
    <subfield code="a">In Tibetan.</subfield>
  </datafield>
  <datafield tag="500" ind1=" " ind2=" ">
    <subfield code="a">Spine title: Rdo rje phag moʾi zab khrid kyi Phur paʾi skor.</subfield>
  </datafield>
  <datafield tag="500" ind1=" " ind2=" ">
    <subfield code="a">Xylograph from blocks kept at Dgon-steṅ Bśad-grub-chos-gliṅ, Solu, Nepal.</subfield>
  </datafield>
  <datafield tag="505" ind1="2" ind2=" ">
    <subfield code="a">Dbaṅ Phur thugs kyi thig le bkaʾ rgya maʾi phrin las ʾbriṅ po khrigs bsdebs Bdud-ʾjoms-rdo-rjeʾi thog phreṅ. -- Bar chad kun sel byed dbaṅ Phur thugs kyi thig le bkaʾ rgya maʾi Phur sruṅ gsol mchod rgyas pa Phrin las kun ʾgrub bźugs so. -- Bar chad sel byed dbaṅ Phur thugs kyi thig le bkaʾ rgya maʾi Phur sruṅ gsol mchod Phrin las lhun grub. -- Dbaṅ Phur thugs kyi thig leʾi yid kyi ʾgyod bśags brjod med don gyi kloṅ bśags Rig pa raṅ grol. --Dbaṅ Phur thugs kyi thig leʾi Phrin las Phur paʾi dkyil khor gyi lha tshogs bskul ba dug mdaʾ phog ʾgyel. -- Bskul ʾgrel. -- Bar chad kun sel byed dbaṅ Phur thugs kyi thig le bkaʾ rgya maʾi gdab kha Gdug can kun sgrol / Dpal-gyi-rdo-rje. -- Bar chad sel byed dbaṅ gi Phur pa thugs kyi thig le bkaʾ rgya ma las zlog pa khor ʾdas yoṅs zlog. -- Phur zlog gi ʾgres byaṅ.</subfield>
  </datafield>
  <datafield tag="650" ind1=" " ind2="0">
    <subfield code="a">Vajrakīla (Buddhist deity)</subfield>
    <subfield code="x">Cult</subfield>
    <subfield code="z">China</subfield>
    <subfield code="z">Tibet Autonomous Region.</subfield>
  </datafield>
  <datafield tag="650" ind1=" " ind2="0">
    <subfield code="a">Rñiṅ-ma-pa (Sect)</subfield>
    <subfield code="x">Rituals.</subfield>
  </datafield>
  <datafield tag="650" ind1=" " ind2="0">
    <subfield code="a">Tibetan language</subfield>
    <subfield code="x">Texts.</subfield>
  </datafield>
  <datafield tag="700" ind1="0" ind2=" ">
    <subfield code="a">Lha-lhuṅ Dpal-gyi-rdo-rje.</subfield>
  </datafield>
</record>