

<record xmlns="http://www.loc.gov/MARC21/slim"
xmlns:xsi="http://www.w3.org/2001/XMLSchema-instance"
xsi:schemaLocation="http://www.loc.gov/MARC21/slim
http://www.loc.gov/standards/marcxml/schema/MARC21slim.xsd">
  <leader>01829nam a2200385Ia 4500</leader>
  <controlfield tag="001">002419385-2</controlfield>
  <controlfield tag="005">20020606093309.7</controlfield>
  <controlfield tag="008">810224s1970    np a          00010 tibod</controlfield>
  <datafield tag="010" ind1=" " ind2=" ">
    <subfield code="a">   73927509</subfield>
  </datafield>
  <datafield tag="020" ind1=" " ind2=" ">
    <subfield code="c">Rs18.80</subfield>
  </datafield>
  <datafield tag="020" ind1=" " ind2=" ">
    <subfield code="c">Rs18.80</subfield>
  </datafield>
  <datafield tag="035" ind1="0" ind2=" ">
    <subfield code="a">ocm22507740</subfield>
  </datafield>
  <datafield tag="035" ind1="0" ind2=" ">
    <subfield code="a">ocm07151039</subfield>
  </datafield>
  <datafield tag="040" ind1=" " ind2=" ">
    <subfield code="a">IUL</subfield>
    <subfield code="c">IUL</subfield>
    <subfield code="d">m/c</subfield>
    <subfield code="d">CRL</subfield>
  </datafield>
  <datafield tag="043" ind1=" " ind2=" ">
    <subfield code="a">a-cc-ti</subfield>
  </datafield>
  <datafield tag="090" ind1=" " ind2=" ">
    <subfield code="a">BQ5593.P3</subfield>
    <subfield code="b">B9 1970</subfield>
  </datafield>
  <datafield tag="100" ind1="0" ind2=" ">
    <subfield code="a">Bzaṅ-po-grags-pa,</subfield>
    <subfield code="c">Gter-ston,</subfield>
    <subfield code="d">active 14th century.</subfield>
  </datafield>
  <datafield tag="240" ind1="1" ind2="0">
    <subfield code="a">Gsol ʼdebs leʼu bdun ma</subfield>
  </datafield>
  <datafield tag="245" ind1="0" ind2="0">
    <subfield code="a">O-rgyan po Padma-ʼbyuṅ-gnas kyi rdo rjeʼ i gsuṅ ʼkhrul pa med paʼi gsol ʼdebs leʼu bdun ma :</subfield>
    <subfield code="b">lo rgyus daṅ bcas pa bźugs so /</subfield>
    <subfield code="c">[Bzaṅ-po-grags-pas gter; Rgod-kyi-ldem-ʼphru-can śog ser bsgyur]</subfield>
  </datafield>
  <datafield tag="246" ind1="3" ind2=" ">
    <subfield code="a">Leʼu bdun ma.</subfield>
  </datafield>
  <datafield tag="260" ind1="0" ind2=" ">
    <subfield code="a">S.l. :</subfield>
    <subfield code="b">s.n.,</subfield>
    <subfield code="c">[1970]</subfield>
  </datafield>
  <datafield tag="300" ind1=" " ind2=" ">
    <subfield code="a">47 [i.e. 93] p. :</subfield>
    <subfield code="b">ill. ;</subfield>
    <subfield code="c">10 x 37 cm.</subfield>
  </datafield>
  <datafield tag="500" ind1=" " ind2=" ">
    <subfield code="a">In Tibetan.</subfield>
  </datafield>
  <datafield tag="500" ind1=" " ind2=" ">
    <subfield code="a">Stamped on t.p. : Mtho Dgon.</subfield>
  </datafield>
  <datafield tag="500" ind1=" " ind2=" ">
    <subfield code="a">&quot;Par ʼdi Mtho dgon Bsam-gliṅ du bźugs.&quot;</subfield>
  </datafield>
  <datafield tag="500" ind1=" " ind2=" ">
    <subfield code="a">Attributed to Padmasambhava.</subfield>
  </datafield>
  <datafield tag="500" ind1=" " ind2=" ">
    <subfield code="a">Title on box: Leʼu bdun ma.</subfield>
  </datafield>
  <datafield tag="505" ind1="2" ind2=" ">
    <subfield code="a">[Lo rgyus] -- Gsol ʼdebs bsam pa myur ʼgrub ma / ʼJigs-med-gliṅ-pa. -- Kha baʼi ljoṅs ʼdir dbaṅ dus su rtogs pa brñes paʼi sṅags ʼchaṅ grub thob rnams la gsol ʼdebs kyi tshigs su bcad pa Byin rlabs dbaṅ gi chu rgyun / Mchog-gyur-gliṅ-pa. -- Gsol ʼdebs bar chad lam sel / Mchog-gyur-gliṅ-pa. -- Gsol debs byin rlabs sprin spuṅ / Za-hor-gyi-bandhe. -- Bla ma mkhaʼ ʼgror gsol ʼdebs dṅos grub sprin phuṅ / Mkhaʼ-khyab-rdo-rje.</subfield>
  </datafield>
  <datafield tag="600" ind1="0" ind2="0">
    <subfield code="a">Padma Sambhava,</subfield>
    <subfield code="d">approximately 717-approximately 762</subfield>
    <subfield code="x">Prayers and devotions</subfield>
    <subfield code="x">Tibetan.</subfield>
  </datafield>
  <datafield tag="650" ind1=" " ind2="0">
    <subfield code="a">Rñiṅ-ma-pa (Sect)</subfield>
    <subfield code="x">Prayers and devotions</subfield>
    <subfield code="x">Tibetan.</subfield>
  </datafield>
  <datafield tag="650" ind1=" " ind2="0">
    <subfield code="a">Tibetan language</subfield>
    <subfield code="x">Texts.</subfield>
  </datafield>
  <datafield tag="700" ind1="0" ind2=" ">
    <subfield code="a">Padma Sambhava,</subfield>
    <subfield code="d">approximately 717-approximately 762.</subfield>
  </datafield>
  <datafield tag="700" ind1="0" ind2=" ">
    <subfield code="a">Rgod-kyi-ldem-ʼphru-can,</subfield>
    <subfield code="c">Gter-ston,</subfield>
    <subfield code="d">1337-1408.</subfield>
  </datafield>
</record>