

<record xmlns="http://www.loc.gov/MARC21/slim"
xmlns:xsi="http://www.w3.org/2001/XMLSchema-instance"
xsi:schemaLocation="http://www.loc.gov/MARC21/slim
http://www.loc.gov/standards/marcxml/schema/MARC21slim.xsd">
  <leader>01515nam a2200301Ia 4500</leader>
  <controlfield tag="001">002421478-7</controlfield>
  <controlfield tag="005">20020606093309.7</controlfield>
  <controlfield tag="008">810605s1973    ii            00010 tibod</controlfield>
  <datafield tag="010" ind1=" " ind2=" ">
    <subfield code="a">   73904163</subfield>
  </datafield>
  <datafield tag="020" ind1=" " ind2=" ">
    <subfield code="c">Rs300.00</subfield>
  </datafield>
  <datafield tag="020" ind1=" " ind2=" ">
    <subfield code="c">Rs300.00</subfield>
  </datafield>
  <datafield tag="035" ind1="0" ind2=" ">
    <subfield code="a">ocm07481818</subfield>
  </datafield>
  <datafield tag="040" ind1=" " ind2=" ">
    <subfield code="a">IUL</subfield>
    <subfield code="c">IUL</subfield>
    <subfield code="d">m/c</subfield>
    <subfield code="d">CRL</subfield>
  </datafield>
  <datafield tag="090" ind1=" " ind2=" ">
    <subfield code="a">BQ7450</subfield>
    <subfield code="b">.B3 1973</subfield>
  </datafield>
  <datafield tag="100" ind1="0" ind2=" ">
    <subfield code="a">Ba-so Chos-kyi-rgyal-mtshan,</subfield>
    <subfield code="d">1403-1473.</subfield>
  </datafield>
  <datafield tag="245" ind1="1" ind2="0">
    <subfield code="a">Dbu maʼi lta khrid chen mo of Ba-so Chos-kyi-rgyal-mtshan :</subfield>
    <subfield code="b">together with four other Lta-khrid and commentaries on Madhyamika /</subfield>
    <subfield code="c">by Tshe-gliṅ Yoṅs-ʼdzin Ye-śes-rgyal-mtshan and the First Dalai Lama Dge-ʼdun-grub-pa.</subfield>
  </datafield>
  <datafield tag="260" ind1="0" ind2=" ">
    <subfield code="a">New Delhi :</subfield>
    <subfield code="b">Lha-mkhar Yoṅs-ʼdzin Bstan-pa-rgyal-mtshan,</subfield>
    <subfield code="c">1973.</subfield>
  </datafield>
  <datafield tag="300" ind1=" " ind2=" ">
    <subfield code="a">649 columns :</subfield>
    <subfield code="c">28 x 38 cm.</subfield>
  </datafield>
  <datafield tag="440" ind1=" " ind2="0">
    <subfield code="a">Madhyamika text series ;</subfield>
    <subfield code="v">v. 7</subfield>
  </datafield>
  <datafield tag="505" ind1="2" ind2=" ">
    <subfield code="a">Dgaʼ ldan sñan rgyud kyi lta khrid zab mo dṅos grub kun ʼbyuṅ / Ye-śes-rgyal-mtshan.-- Zab mo dbu maʼi lta khrid thun moṅ min pa Blo bzaṅ źal luṅ / Ye-śes-rgyal-mtshan.--Dgaʼ ldan phyag rgya chen poʼi khrid yig sñan rgyud Lam bzaṅ gsal baʼi sgron me / Ye-śes-rgyal-mtshan.--Dbu ma la ʼjug paʼi bstan bcos kyi dgoṅs pa Rab tu gsal baʼi me loṅ / Dge-ʼdun-grub.</subfield>
  </datafield>
  <datafield tag="600" ind1="0" ind2="0">
    <subfield code="a">Dharmakīrti,</subfield>
    <subfield code="d">active 7th century.</subfield>
    <subfield code="t">Madhyamakāvatāra</subfield>
    <subfield code="x">Commentaries.</subfield>
  </datafield>
  <datafield tag="650" ind1=" " ind2="0">
    <subfield code="a">Mādhyamika (Buddhism)</subfield>
  </datafield>
  <datafield tag="650" ind1=" " ind2="0">
    <subfield code="a">Tibetan language</subfield>
    <subfield code="x">Texts.</subfield>
  </datafield>
  <datafield tag="700" ind1="0" ind2=" ">
    <subfield code="a">Tshe-mchog-gliṅ Ye-śes-rgyal-mtshan,</subfield>
    <subfield code="d">1713-1793.</subfield>
  </datafield>
  <datafield tag="700" ind1="0" ind2=" ">
    <subfield code="a">Dge-ʼdun-grub,</subfield>
    <subfield code="c">Dalai Lama I,</subfield>
    <subfield code="d">1391-1474.</subfield>
  </datafield>
</record>