

<record xmlns="http://www.loc.gov/MARC21/slim"
xmlns:xsi="http://www.w3.org/2001/XMLSchema-instance"
xsi:schemaLocation="http://www.loc.gov/MARC21/slim
http://www.loc.gov/standards/marcxml/schema/MARC21slim.xsd">
  <leader>00917nam a2200289Ia 4500</leader>
  <controlfield tag="001">002421509-0</controlfield>
  <controlfield tag="005">20020606093309.7</controlfield>
  <controlfield tag="008">810618s1972    ii            00010 tibod</controlfield>
  <datafield tag="010" ind1=" " ind2=" ">
    <subfield code="a">   72906584</subfield>
  </datafield>
  <datafield tag="020" ind1=" " ind2=" ">
    <subfield code="c">Rs3.36</subfield>
  </datafield>
  <datafield tag="020" ind1=" " ind2=" ">
    <subfield code="c">Rs3.36</subfield>
  </datafield>
  <datafield tag="035" ind1="0" ind2=" ">
    <subfield code="a">ocm07512828</subfield>
  </datafield>
  <datafield tag="040" ind1=" " ind2=" ">
    <subfield code="a">IUL</subfield>
    <subfield code="c">IUL</subfield>
    <subfield code="d">m/c</subfield>
    <subfield code="d">CRL</subfield>
  </datafield>
  <datafield tag="043" ind1=" " ind2=" ">
    <subfield code="a">a-cc-ti</subfield>
  </datafield>
  <datafield tag="090" ind1=" " ind2=" ">
    <subfield code="a">BQ7662.4</subfield>
    <subfield code="b">.B368 1972</subfield>
  </datafield>
  <datafield tag="100" ind1="0" ind2=" ">
    <subfield code="a">Bdud-ʾjoms ʾJigs-bral-ye-śes-rdo-rje,</subfield>
    <subfield code="d">1904-1987.</subfield>
  </datafield>
  <datafield tag="245" ind1="1" ind2="0">
    <subfield code="a">Rtsa gsum dam can spyiʾi gtor ʾbul rgyun khyer sñiṅ por dril ba bźugs so /</subfield>
    <subfield code="c">[ʾJigs-bral-ye-śes-rdo-rjes sbyar]</subfield>
  </datafield>
  <datafield tag="260" ind1="0" ind2=" ">
    <subfield code="a">[Sgaṅ-tog :</subfield>
    <subfield code="b">s.n.,</subfield>
    <subfield code="c">1972].</subfield>
  </datafield>
  <datafield tag="300" ind1=" " ind2=" ">
    <subfield code="a">7 [i.e. 13] p. ;</subfield>
    <subfield code="c">10 x 42 cm.</subfield>
  </datafield>
  <datafield tag="500" ind1=" " ind2=" ">
    <subfield code="a">In Tibetan.</subfield>
  </datafield>
  <datafield tag="500" ind1=" " ind2=" ">
    <subfield code="a">Xylograph from blocks kept at Dben Dgon, Gangtok, Sikkim.</subfield>
  </datafield>
  <datafield tag="650" ind1=" " ind2="0">
    <subfield code="a">Gtor-ma (Tibetan ritual)</subfield>
  </datafield>
  <datafield tag="650" ind1=" " ind2="0">
    <subfield code="a">Rñiṅ-ma-pa (Sect)</subfield>
    <subfield code="x">Rituals.</subfield>
  </datafield>
  <datafield tag="650" ind1=" " ind2="0">
    <subfield code="a">Tibetan language</subfield>
    <subfield code="x">Texts.</subfield>
  </datafield>
</record>