

<record xmlns="http://www.loc.gov/MARC21/slim"
xmlns:xsi="http://www.w3.org/2001/XMLSchema-instance"
xsi:schemaLocation="http://www.loc.gov/MARC21/slim
http://www.loc.gov/standards/marcxml/schema/MARC21slim.xsd">
  <leader>01226nam a2200313Ia 4500</leader>
  <controlfield tag="001">002421532-5</controlfield>
  <controlfield tag="005">20020606093309.7</controlfield>
  <controlfield tag="008">810714s1972    ii a          00010 tibod</controlfield>
  <datafield tag="010" ind1=" " ind2=" ">
    <subfield code="a">   72907127</subfield>
  </datafield>
  <datafield tag="020" ind1=" " ind2=" ">
    <subfield code="c">Rs200.00</subfield>
  </datafield>
  <datafield tag="020" ind1=" " ind2=" ">
    <subfield code="c">Rs200.00</subfield>
  </datafield>
  <datafield tag="035" ind1="0" ind2=" ">
    <subfield code="a">ocm07582808</subfield>
  </datafield>
  <datafield tag="040" ind1=" " ind2=" ">
    <subfield code="a">IUL</subfield>
    <subfield code="c">IUL</subfield>
    <subfield code="d">m/c</subfield>
    <subfield code="d">CRL</subfield>
  </datafield>
  <datafield tag="043" ind1=" " ind2=" ">
    <subfield code="a">a-cc-ti</subfield>
  </datafield>
  <datafield tag="090" ind1=" " ind2=" ">
    <subfield code="a">BQ7550.2.S8</subfield>
    <subfield code="b">B6 1972</subfield>
  </datafield>
  <datafield tag="100" ind1="0" ind2=" ">
    <subfield code="a">Blo-bzaṅ-lhun-grub,</subfield>
    <subfield code="c">Gu-śrī Chos-rje.</subfield>
  </datafield>
  <datafield tag="245" ind1="1" ind2="0">
    <subfield code="a">Gsaṅ chen Rdo rje theg paʾi rnam bźag Rig ʾdzin dgaʾ ston źes bya ba bźugs so /</subfield>
    <subfield code="c">[Gu-śrī Chos-rje Blo-bzaṅ-lhun-grub ... byas]</subfield>
  </datafield>
  <datafield tag="246" ind1="3" ind2=" ">
    <subfield code="a">Rig ʾdzin dgaʾ ston.</subfield>
  </datafield>
  <datafield tag="260" ind1="0" ind2=" ">
    <subfield code="a">[Niʾu-ldi-li :</subfield>
    <subfield code="b">Sog-po Bla-ma Gu-ru-de-ba,</subfield>
    <subfield code="c">1972]</subfield>
  </datafield>
  <datafield tag="300" ind1=" " ind2=" ">
    <subfield code="a">555 p. :</subfield>
    <subfield code="b">ill. ;</subfield>
    <subfield code="c">10 x 47 cm.</subfield>
  </datafield>
  <datafield tag="500" ind1=" " ind2=" ">
    <subfield code="a">In Tibetan.</subfield>
  </datafield>
  <datafield tag="500" ind1=" " ind2=" ">
    <subfield code="a">Xylographs from the Lhasa Źol New Printery blocks: &quot;Par ʾdi ... Po-ta-laʾi ʾdabs rol Źol-bkaʾ-ʾgyur-par khaṅ Gaṅs-can-phan-bdeʾi-gter-mdzod-gliṅ du bźugs.&quot;</subfield>
  </datafield>
  <datafield tag="600" ind1="0" ind2="0">
    <subfield code="a">Sum-pa Mkhan-po Ye-śes-dpal-ʾbyor,</subfield>
    <subfield code="d">1704-1788.</subfield>
    <subfield code="t">Sṅags kyi spyi don rgyud sde Rgya mtshoʾi gru gziṅs.</subfield>
  </datafield>
  <datafield tag="650" ind1=" " ind2="0">
    <subfield code="a">Dge-lugs-pa (Sect)</subfield>
    <subfield code="x">Doctrines.</subfield>
  </datafield>
  <datafield tag="650" ind1=" " ind2="0">
    <subfield code="a">Tantric Buddhism</subfield>
    <subfield code="z">China</subfield>
    <subfield code="z">Tibet Autonomous Region.</subfield>
  </datafield>
  <datafield tag="650" ind1=" " ind2="0">
    <subfield code="a">Tibetan language</subfield>
    <subfield code="x">Texts.</subfield>
  </datafield>
</record>