

<record xmlns="http://www.loc.gov/MARC21/slim"
xmlns:xsi="http://www.w3.org/2001/XMLSchema-instance"
xsi:schemaLocation="http://www.loc.gov/MARC21/slim
http://www.loc.gov/standards/marcxml/schema/MARC21slim.xsd">
  <leader>01080nam a2200289Ia 4500</leader>
  <controlfield tag="001">002421537-6</controlfield>
  <controlfield tag="005">20020606093309.7</controlfield>
  <controlfield tag="008">810715s1976    ii a          00010 tibod</controlfield>
  <datafield tag="010" ind1=" " ind2=" ">
    <subfield code="a">   77906333</subfield>
  </datafield>
  <datafield tag="020" ind1=" " ind2=" ">
    <subfield code="c">Rs20.00</subfield>
  </datafield>
  <datafield tag="020" ind1=" " ind2=" ">
    <subfield code="c">Rs20.00</subfield>
  </datafield>
  <datafield tag="035" ind1="0" ind2=" ">
    <subfield code="a">ocm07586057</subfield>
  </datafield>
  <datafield tag="040" ind1=" " ind2=" ">
    <subfield code="a">IUL</subfield>
    <subfield code="c">IUL</subfield>
    <subfield code="d">m/c</subfield>
    <subfield code="d">CRL</subfield>
  </datafield>
  <datafield tag="041" ind1="0" ind2=" ">
    <subfield code="a">tibsan</subfield>
  </datafield>
  <datafield tag="090" ind1=" " ind2=" ">
    <subfield code="a">BQ2240.R387</subfield>
    <subfield code="b">B6 1976</subfield>
  </datafield>
  <datafield tag="100" ind1="0" ind2=" ">
    <subfield code="a">Blo-bzaṅ-rgya-mtsho,</subfield>
    <subfield code="c">Phu-khaṅ Dge-bśes.</subfield>
  </datafield>
  <datafield tag="245" ind1="1" ind2="0">
    <subfield code="a">Dkon mchog rjes dran gyi mdo daṅ sbyar baʼi skyabs gsum las ʼbras daṅ bcas paʼi rnam bźag :</subfield>
    <subfield code="b">daṅ deʼi kha skoṅ Dmar spyod kyi dogs gcod rgya cher bśad pa; Srid pa ʼkhor loʼi rgyas bśad bcas bźugs so /</subfield>
    <subfield code="c">[Blo-bzaṅ-rgya-mtshos ... ʼphel]</subfield>
  </datafield>
  <datafield tag="260" ind1="0" ind2=" ">
    <subfield code="a">[Dharamsala :</subfield>
    <subfield code="b">Bod-gźuṅ-śes-rig-par-khaṅ,</subfield>
    <subfield code="c">1976]</subfield>
  </datafield>
  <datafield tag="300" ind1=" " ind2=" ">
    <subfield code="a">Ka-Ja, 247 p. :</subfield>
    <subfield code="b">ill. ;</subfield>
    <subfield code="c">22 cm.</subfield>
  </datafield>
  <datafield tag="500" ind1=" " ind2=" ">
    <subfield code="a">In Tibetan.</subfield>
  </datafield>
  <datafield tag="630" ind1="0" ind2="0">
    <subfield code="a">Ratnatrayānusmr̥tisūtra.</subfield>
    <subfield code="x">Commentaries.</subfield>
  </datafield>
  <datafield tag="650" ind1=" " ind2="0">
    <subfield code="a">Threefold refuge (Buddhism).</subfield>
  </datafield>
  <datafield tag="650" ind1=" " ind2="0">
    <subfield code="a">Tibetan language</subfield>
    <subfield code="x">Texts.</subfield>
  </datafield>
  <datafield tag="730" ind1="0" ind2=" ">
    <subfield code="a">Ratnatrayānusmr̥tisūtra.</subfield>
    <subfield code="k">Selections.</subfield>
    <subfield code="l">Tibetan.</subfield>
  </datafield>
</record>