

<record xmlns="http://www.loc.gov/MARC21/slim"
xmlns:xsi="http://www.w3.org/2001/XMLSchema-instance"
xsi:schemaLocation="http://www.loc.gov/MARC21/slim
http://www.loc.gov/standards/marcxml/schema/MARC21slim.xsd">
  <leader>01789nam a2200385I  4500</leader>
  <controlfield tag="001">002421554-6</controlfield>
  <controlfield tag="005">20020606093309.7</controlfield>
  <controlfield tag="008">810801s1973    ii            00010 tib d</controlfield>
  <datafield tag="010" ind1=" " ind2=" ">
    <subfield code="a">   73900828</subfield>
  </datafield>
  <datafield tag="020" ind1=" " ind2=" ">
    <subfield code="c">Rs300.00</subfield>
  </datafield>
  <datafield tag="020" ind1=" " ind2=" ">
    <subfield code="c">Rs300.00</subfield>
  </datafield>
  <datafield tag="035" ind1="0" ind2=" ">
    <subfield code="a">ocm07634803</subfield>
  </datafield>
  <datafield tag="040" ind1=" " ind2=" ">
    <subfield code="a">IUL</subfield>
    <subfield code="c">IUL</subfield>
    <subfield code="d">m/c</subfield>
    <subfield code="d">CRL</subfield>
  </datafield>
  <datafield tag="043" ind1=" " ind2=" ">
    <subfield code="a">a-cc-ti</subfield>
  </datafield>
  <datafield tag="090" ind1=" " ind2=" ">
    <subfield code="a">BQ7450</subfield>
    <subfield code="b">.B6 1973</subfield>
  </datafield>
  <datafield tag="100" ind1="0" ind2=" ">
    <subfield code="a">Blo-gros-rgyal-mtshan,</subfield>
    <subfield code="c">Śānti-pa,</subfield>
    <subfield code="d">active 15th century.</subfield>
  </datafield>
  <datafield tag="245" ind1="1" ind2="0">
    <subfield code="a">Obligatory texts (yig-cha) for the study of Madhyamika of Dkyil-khaṅ Grwa-tshaṅ of Brkra-śis-lhun-po /</subfield>
    <subfield code="c">by Śānti-pa Blo-gros-rgyal-mtshan and others.</subfield>
  </datafield>
  <datafield tag="246" ind1="3" ind2=" ">
    <subfield code="a">Dbu maʼi yig cha.</subfield>
  </datafield>
  <datafield tag="246" ind1="3" ind2=" ">
    <subfield code="a">Rnam bśad dgoṅs pa rab gsal gyi dkaʼ baʼi gnad gsal.</subfield>
  </datafield>
  <datafield tag="260" ind1="0" ind2=" ">
    <subfield code="a">New Delhi :</subfield>
    <subfield code="b">Lha-mkhar Yoṅs-ʼdzin Bstan-pa-rgyal-mtshan,</subfield>
    <subfield code="c">1973.</subfield>
  </datafield>
  <datafield tag="300" ind1=" " ind2=" ">
    <subfield code="a">457 columns ;</subfield>
    <subfield code="c">27 x 38 cm.</subfield>
  </datafield>
  <datafield tag="490" ind1="1" ind2=" ">
    <subfield code="a">Madhyamika texts series ;</subfield>
    <subfield code="v">v. 5</subfield>
  </datafield>
  <datafield tag="500" ind1=" " ind2=" ">
    <subfield code="a">In Tibetan; pref. in English and Tibetan.</subfield>
  </datafield>
  <datafield tag="500" ind1=" " ind2=" ">
    <subfield code="a">Title on cover: Dbu maʼi yig cha.</subfield>
  </datafield>
  <datafield tag="505" ind1="0" ind2=" ">
    <subfield code="a">Rnam bśad dgoṅs pa rab gsal gyi dkaʼ baʼi gnad gsal bar byed paʼi bstan bcos Dbaṅ gi rgyal po / Śānti-pa.--Thal ʼgyur baʼi lugs kyi sa lam gyi rnam gźag / Gu-ge Chos-rje.--Dge sbyor gyi gnad kyi dri ba sñan bskul Lhag bsam rab dkar / Tsoṅ-kha-pa.--Dri ba Lhag bsam rab dkar gyi dri lan Blo-bzaṅ bźad paʼi sgra dbyaṅs / Blo-bzaṅ-chos-kyi-rgyal-mtshan.</subfield>
  </datafield>
  <datafield tag="650" ind1=" " ind2="0">
    <subfield code="a">Mādhyamika (Buddhism)</subfield>
  </datafield>
  <datafield tag="650" ind1=" " ind2="0">
    <subfield code="a">Dge-lugs-pa (Sect)</subfield>
    <subfield code="x">Doctrines.</subfield>
  </datafield>
  <datafield tag="650" ind1=" " ind2="0">
    <subfield code="a">Tibetan language</subfield>
    <subfield code="x">Texts.</subfield>
  </datafield>
  <datafield tag="700" ind1="0" ind2=" ">
    <subfield code="a">Gu-ge Chos-rje.</subfield>
  </datafield>
  <datafield tag="700" ind1="0" ind2=" ">
    <subfield code="a">Blo-bzaṅ-chos-kyi-rgyal-mtshan,</subfield>
    <subfield code="c">Panchen Lama I,</subfield>
    <subfield code="d">1567?-1662.</subfield>
  </datafield>
  <datafield tag="700" ind1="0" ind2="2">
    <subfield code="a">Tsoṅ-kha-pa Blo-bzaṅ-grags-pa,</subfield>
    <subfield code="d">1357-1419.</subfield>
    <subfield code="t">Dri ba Lhag bsam rab dkar gyi dri lan.</subfield>
  </datafield>
  <datafield tag="830" ind1=" " ind2="0">
    <subfield code="a">Madhyamika text series ;</subfield>
    <subfield code="v">v. 5</subfield>
  </datafield>
</record>