

<record xmlns="http://www.loc.gov/MARC21/slim"
xmlns:xsi="http://www.w3.org/2001/XMLSchema-instance"
xsi:schemaLocation="http://www.loc.gov/MARC21/slim
http://www.loc.gov/standards/marcxml/schema/MARC21slim.xsd">
  <leader>02154cam a2200385Ia 4500</leader>
  <controlfield tag="001">002421559-7</controlfield>
  <controlfield tag="005">20020606093309.7</controlfield>
  <controlfield tag="008">810804s1975    ii a          00000 tib d</controlfield>
  <datafield tag="010" ind1=" " ind2=" ">
    <subfield code="a">   75905231</subfield>
  </datafield>
  <datafield tag="020" ind1=" " ind2=" ">
    <subfield code="c">Rs300.00</subfield>
  </datafield>
  <datafield tag="020" ind1=" " ind2=" ">
    <subfield code="c">Rs300.00</subfield>
  </datafield>
  <datafield tag="035" ind1="0" ind2=" ">
    <subfield code="a">ocm07639145</subfield>
  </datafield>
  <datafield tag="040" ind1=" " ind2=" ">
    <subfield code="a">IUL</subfield>
    <subfield code="c">IUL</subfield>
    <subfield code="d">m/c</subfield>
    <subfield code="d">IUL</subfield>
    <subfield code="d">CRL</subfield>
  </datafield>
  <datafield tag="043" ind1=" " ind2=" ">
    <subfield code="a">a-cc-ti</subfield>
  </datafield>
  <datafield tag="090" ind1=" " ind2=" ">
    <subfield code="a">BQ7674.4</subfield>
    <subfield code="b">.B76 1975</subfield>
  </datafield>
  <datafield tag="245" ind1="0" ind2="0">
    <subfield code="a">ʼBri-guṅ Dkar-brgyud-pa texts :</subfield>
    <subfield code="b">comprising a collection of rare works on ʼBri-guṅ Dkar-brgyud-pa practice from the library of Rtogs-ldan Rin-po-che of Sgaṅ-sṅon /</subfield>
    <subfield code="c">by D. Tsondu Senghe.</subfield>
  </datafield>
  <datafield tag="246" ind1="3" ind2=" ">
    <subfield code="a">Phyag chen lṅa ldan Dharma-kīrtiʼi źal luṅ daṅ chos drug Nā-roʼi źal luṅ.</subfield>
  </datafield>
  <datafield tag="246" ind1="3" ind2=" ">
    <subfield code="a">Phyag rgya chen po lṅa ldan gyi khrid kyi zin bris Rdo-rje-ʼchaṅ Dharma-kīrtiʼi źal luṅ.</subfield>
  </datafield>
  <datafield tag="246" ind1="3" ind2=" ">
    <subfield code="a">Rdo-rje-ʼchaṅ Dharma-kīrtiʼi źal luṅ.</subfield>
  </datafield>
  <datafield tag="260" ind1="0" ind2=" ">
    <subfield code="a">Bir :</subfield>
    <subfield code="b">D. Tsondu Senghe,</subfield>
    <subfield code="c">1975.</subfield>
  </datafield>
  <datafield tag="300" ind1=" " ind2=" ">
    <subfield code="a">479 columns :</subfield>
    <subfield code="b">ill. ;</subfield>
    <subfield code="c">14 x 38 cm.</subfield>
  </datafield>
  <datafield tag="500" ind1=" " ind2=" ">
    <subfield code="a">In Tibetan.</subfield>
  </datafield>
  <datafield tag="500" ind1=" " ind2=" ">
    <subfield code="a">Cover title: Phyag chen lṅa ldan Dharma-kīrtiʼi źal luṅ daṅ Chos drug Nā-roʼi źal luṅ bcas.</subfield>
  </datafield>
  <datafield tag="500" ind1=" " ind2=" ">
    <subfield code="a">Spine title: ʼBri-guṅ Dkar-brgyud-pa texts.</subfield>
  </datafield>
  <datafield tag="505" ind1="0" ind2=" ">
    <subfield code="a">Phyag rgya chen po lṅa ldan gyi khrid kyi zin bris Rdo-rje-ʼchaṅ Dharma-kīrtiʼi źal luṅ / Dkon-mchog-bstan-ʼdzin-chos-kyi-blo-gros-ʼphrin-las-rnam-rgyal.--Zab lam Nā-roʼi chos drug gi khrid kyi lag len gsal bar bśad pa Nā-ro-źabs kyi źal gyi luṅ bzaṅ po / Chos-kyi-grags-pa-ʼphrin-las-rnam-par-rgyal-baʼi-sde.--Chos drug gi man ṅag rjeʼi dag snaṅ zab mo tsanda li gñis / [Chos-kyi-grags-pa].--ʼBri-guṅ-paʼi mandra bsñen bsgrub spyiʼi spaṅ blaṅ / Dkon-mchog-ratna.--Lṅa ldan gtor dbaṅ yid bźin nor bu / Chos-kyi-grags-pa.</subfield>
  </datafield>
  <datafield tag="600" ind1="0" ind2="0">
    <subfield code="a">Chos-kyi-grags-pa,</subfield>
    <subfield code="c">ʼBri-guṅ Rig-ʼdzin,</subfield>
    <subfield code="d">1595-</subfield>
    <subfield code="x">Teachings.</subfield>
  </datafield>
  <datafield tag="650" ind1=" " ind2="0">
    <subfield code="a">ʼBri-guṅ-pa (Sect)</subfield>
    <subfield code="x">Rituals.</subfield>
  </datafield>
  <datafield tag="650" ind1=" " ind2="0">
    <subfield code="a">Nā-ro chos drug.</subfield>
  </datafield>
  <datafield tag="650" ind1=" " ind2="0">
    <subfield code="a">ʼBri-guṅ-pa (Sect)</subfield>
  </datafield>
  <datafield tag="650" ind1=" " ind2="0">
    <subfield code="a">Tibetan language</subfield>
    <subfield code="x">Texts.</subfield>
  </datafield>
  <datafield tag="700" ind1="0" ind2=" ">
    <subfield code="a">Chos-kyi-grags-pa,</subfield>
    <subfield code="c">ʼBri-guṅ Rig-ʼdzin,</subfield>
    <subfield code="d">1595-</subfield>
  </datafield>
  <datafield tag="700" ind1="0" ind2="2">
    <subfield code="a">Dkon-mchog-ʼphrin-las-rnam-rgyal.</subfield>
    <subfield code="t">Phyag rgya chen po lṅa ldan gyi khrid kyi zin bris.</subfield>
  </datafield>
</record>