

<record xmlns="http://www.loc.gov/MARC21/slim"
xmlns:xsi="http://www.w3.org/2001/XMLSchema-instance"
xsi:schemaLocation="http://www.loc.gov/MARC21/slim
http://www.loc.gov/standards/marcxml/schema/MARC21slim.xsd">
  <leader>01639nam a2200361Ia 4500</leader>
  <controlfield tag="001">002421581-3</controlfield>
  <controlfield tag="005">20020606093309.7</controlfield>
  <controlfield tag="008">810905s1972    ii            00010 tib d</controlfield>
  <datafield tag="010" ind1=" " ind2=" ">
    <subfield code="a">   72901805</subfield>
  </datafield>
  <datafield tag="020" ind1=" " ind2=" ">
    <subfield code="c">Rs300.00</subfield>
  </datafield>
  <datafield tag="035" ind1="0" ind2=" ">
    <subfield code="a">ocm07730436</subfield>
  </datafield>
  <datafield tag="040" ind1=" " ind2=" ">
    <subfield code="a">IUL</subfield>
    <subfield code="c">IUL</subfield>
    <subfield code="d">m/c</subfield>
    <subfield code="d">CRL</subfield>
  </datafield>
  <datafield tag="043" ind1=" " ind2=" ">
    <subfield code="a">a-cc-ti</subfield>
  </datafield>
  <datafield tag="090" ind1=" " ind2=" ">
    <subfield code="a">BQ7450</subfield>
    <subfield code="b">.M6 1972</subfield>
  </datafield>
  <datafield tag="100" ind1="0" ind2=" ">
    <subfield code="a">Mkhas-grub Dge-legs-dpal-bzaṅ-po,</subfield>
    <subfield code="d">1385-1438.</subfield>
  </datafield>
  <datafield tag="245" ind1="1" ind2="0">
    <subfield code="a">Stoṅ thun chen mo of Mkhas-grub Dge-legs-dpal-bzaṅ :</subfield>
    <subfield code="b">and other texts on Madhyamika Philosophy /</subfield>
    <subfield code="c">edited by Lha-mkhar Yoṅs-ʼdzin Bstanpa Rgyal mtshan.</subfield>
  </datafield>
  <datafield tag="246" ind1="3" ind2=" ">
    <subfield code="a">Zab mo stoṅ pa ñid de kho na ñid rab tu gsal bar byed paʼi bstan bcos.</subfield>
  </datafield>
  <datafield tag="246" ind1="3" ind2=" ">
    <subfield code="a">Lta mgur a ma ṅos ʼdzin rtsa ʼgrel.</subfield>
  </datafield>
  <datafield tag="260" ind1="0" ind2=" ">
    <subfield code="a">New Delhi :</subfield>
    <subfield code="b">s.l.,</subfield>
    <subfield code="c">1972.</subfield>
  </datafield>
  <datafield tag="300" ind1=" " ind2=" ">
    <subfield code="a">611 columns ;</subfield>
    <subfield code="c">28 x 39 cm.</subfield>
  </datafield>
  <datafield tag="440" ind1=" " ind2="0">
    <subfield code="a">Madyamika text series ;</subfield>
    <subfield code="v">v. 1</subfield>
  </datafield>
  <datafield tag="500" ind1=" " ind2=" ">
    <subfield code="a">In Tibetan.</subfield>
  </datafield>
  <datafield tag="505" ind1="0" ind2=" ">
    <subfield code="a">Zab mo stoṅ pa ñid de kho na ñid rab tu gsal bar byed paʼi bstan bcos Skal bzaṅ mig ʼbyed / Mkhas-grub; notes by Źaṅ-źuṅ-pa Chos-grags.--Zab mo dbu maʼi lta khrid mthar ʼdzin kun sel / Khri-chen Smon-lam-dpal.--Lta mgur a ma ṅos ʼdzin rtsa ʼgrel / Dkon-mchog-ʼjigs-med-dbaṅ-po.</subfield>
  </datafield>
  <datafield tag="650" ind1=" " ind2="0">
    <subfield code="a">Mādhyamika (Buddhism)</subfield>
  </datafield>
  <datafield tag="650" ind1=" " ind2="0">
    <subfield code="a">Dge-lugs-pa (Sect)</subfield>
  </datafield>
  <datafield tag="650" ind1=" " ind2="0">
    <subfield code="a">Tibetan language</subfield>
    <subfield code="x">Texts.</subfield>
  </datafield>
  <datafield tag="700" ind1="0" ind2=" ">
    <subfield code="a">Chos-dbaṅ-grags-pa,</subfield>
    <subfield code="c">Źaṅ-źuṅ-pa.</subfield>
  </datafield>
  <datafield tag="700" ind1="0" ind2=" ">
    <subfield code="a">Smon-lam-dpal,</subfield>
    <subfield code="c">Khri-chen VIII,</subfield>
    <subfield code="d">1414-</subfield>
  </datafield>
  <datafield tag="700" ind1="0" ind2=" ">
    <subfield code="a">Bstan-pa-rgyal-mtshan,</subfield>
    <subfield code="c">Lha-mkhar Yoṅs-ʼdzin,</subfield>
    <subfield code="d">1916-</subfield>
  </datafield>
  <datafield tag="700" ind1="0" ind2="2">
    <subfield code="a">Dkon-mchog-ʼjigs-med-dbaṅ-po,</subfield>
    <subfield code="c">ʼJam-dbyaṅs-bźad-pa II,</subfield>
    <subfield code="d">1728-1791.</subfield>
    <subfield code="t">Lta mgur a ma ṅos ʼdzin rtsa ʼgrel.</subfield>
  </datafield>
</record>