

<record xmlns="http://www.loc.gov/MARC21/slim"
xmlns:xsi="http://www.w3.org/2001/XMLSchema-instance"
xsi:schemaLocation="http://www.loc.gov/MARC21/slim
http://www.loc.gov/standards/marcxml/schema/MARC21slim.xsd">
  <leader>02122nam a2200373Ia 4500</leader>
  <controlfield tag="001">002421591-0</controlfield>
  <controlfield tag="005">20090712125841.0</controlfield>
  <controlfield tag="008">810909s1972    ii a          00010 tibod</controlfield>
  <datafield tag="010" ind1=" " ind2=" ">
    <subfield code="a">   72902555</subfield>
  </datafield>
  <datafield tag="020" ind1=" " ind2=" ">
    <subfield code="c">Rs300.00 per volume</subfield>
  </datafield>
  <datafield tag="020" ind1=" " ind2=" ">
    <subfield code="c">Rs300.00 per volume</subfield>
  </datafield>
  <datafield tag="035" ind1="0" ind2=" ">
    <subfield code="a">ocm07747966</subfield>
  </datafield>
  <datafield tag="040" ind1=" " ind2=" ">
    <subfield code="a">IUL</subfield>
    <subfield code="c">IUL</subfield>
    <subfield code="d">m/c</subfield>
    <subfield code="d">CRL</subfield>
  </datafield>
  <datafield tag="043" ind1=" " ind2=" ">
    <subfield code="a">a-cc-ti</subfield>
  </datafield>
  <datafield tag="090" ind1=" " ind2=" ">
    <subfield code="a">BQ7450</subfield>
    <subfield code="b">.B87 1972</subfield>
  </datafield>
  <datafield tag="100" ind1="0" ind2=" ">
    <subfield code="a">Bstan-pa-dar-rgyas,</subfield>
    <subfield code="c">Ser Smad Mkhas-grub,</subfield>
    <subfield code="d">1493-1568.</subfield>
  </datafield>
  <datafield tag="245" ind1="1" ind2="4">
    <subfield code="a">The old and new obligatory texts (yig cha) for the study of Madhyamika of Se-ra Smad /</subfield>
    <subfield code="c">by Mkhas-grub Bstan-pa-dar-rgyas and Co-ne Grags-pa-bśad-sgrub.</subfield>
  </datafield>
  <datafield tag="246" ind1="3" ind2=" ">
    <subfield code="a">Dbu ma la ʾjug paʾi dgoṅs pa Yaṅ gsal sgron me mthaʾ dpyod.</subfield>
  </datafield>
  <datafield tag="246" ind1="3" ind2=" ">
    <subfield code="a">Rnam par dgoṅs pa rab gsal gyi mthaʾ dpyod.</subfield>
  </datafield>
  <datafield tag="246" ind1="3" ind2=" ">
    <subfield code="a">Bstan bcos chen po Dbu ma la ʾjug paʾi spyi don rnam bśad Dgoṅs pa rab gsal gyi dgoṅs pa.</subfield>
  </datafield>
  <datafield tag="246" ind1="3" ind2=" ">
    <subfield code="a">Dbu maʾi thal bzlog gi brjed byaṅ tshigs bcad ma.</subfield>
  </datafield>
  <datafield tag="260" ind1="0" ind2=" ">
    <subfield code="a">New Delhi :</subfield>
    <subfield code="b">Lha-mkhar Yoṅs-ʾdzin Bstan-pa-rgyal-mtshan,</subfield>
    <subfield code="c">1972.</subfield>
  </datafield>
  <datafield tag="300" ind1=" " ind2=" ">
    <subfield code="a">2 v. :</subfield>
    <subfield code="b">ill. ;</subfield>
    <subfield code="c">28 x 38 cm.</subfield>
  </datafield>
  <datafield tag="440" ind1=" " ind2="0">
    <subfield code="a">Madhyamika text series ;</subfield>
    <subfield code="v">v. 2-3</subfield>
  </datafield>
  <datafield tag="500" ind1=" " ind2=" ">
    <subfield code="a">In Tibetan; pref. in English.</subfield>
  </datafield>
  <datafield tag="505" ind1="0" ind2=" ">
    <subfield code="a">v. 1. Rnam par dgoṅs pa rab gsal gyi mthaʾ dpyod Rigs paʾi rgya mtsho blo gsal gyi ʾjug sgo / Bstan-pa-dar-rgyas.--Dbu ma la ʾjug paʾi dgoṅs pa Yaṅ gsal sgron me źes bya ba Tshig ʾgrel spyi don mthaʾ dpyod zuṅ ʾbrel du bśad pa / Grags-pa-bśad-sgrub. v. 2. Bstan bcos chen po Dbu ma la ʾjug paʾi spyi don rnam bśad Dgoṅs pa rab gsal gyi dgoṅs pa Gsal bar byed paʾi blo gsal sgron me / Bstan-pa-dar-rgyas.--Dbu maʾi thal bzlog gi brjed byaṅ tshigs bcad ma / Dbyaṅs-can-dgaʾ-baʾi-blo-gros.</subfield>
  </datafield>
  <datafield tag="650" ind1=" " ind2="0">
    <subfield code="a">Tibetan language</subfield>
    <subfield code="v">Texts.</subfield>
  </datafield>
  <datafield tag="600" ind1="0" ind2="0">
    <subfield code="a">Tsoṅ-kha-pa Blo-bzaṅ-grags-pa,</subfield>
    <subfield code="d">1357-1419.</subfield>
    <subfield code="t">Dbu ma la ʼjug paʼi rnam bśad Dgoṅs pa rab gsal.</subfield>
  </datafield>
  <datafield tag="650" ind1=" " ind2="0">
    <subfield code="a">Mādhyamika (Buddhism)</subfield>
  </datafield>
  <datafield tag="700" ind1="0" ind2="2">
    <subfield code="a">Dbyaṅs-can-dgaʼ-baʼi-blo-gros,</subfield>
    <subfield code="c">A-kya Yoṅs-ʼdzin.</subfield>
    <subfield code="t">Dbu maʼi thal bzlog gi brjed byaṅ tshigs bcad ma.</subfield>
  </datafield>
  <datafield tag="700" ind1="0" ind2=" ">
    <subfield code="a">Grags-pa-bśad-sgrub,</subfield>
    <subfield code="c">Co-ne-ba,</subfield>
    <subfield code="d">1675-1748.</subfield>
    <subfield code="t">Dbu ma la ʼjug paʼi dgoṅs pa Yaṅ gsal sgron me mthaʼ dpyod.</subfield>
  </datafield>
</record>