

<record xmlns="http://www.loc.gov/MARC21/slim"
xmlns:xsi="http://www.w3.org/2001/XMLSchema-instance"
xsi:schemaLocation="http://www.loc.gov/MARC21/slim
http://www.loc.gov/standards/marcxml/schema/MARC21slim.xsd">
  <leader>00943nam a2200289Ii 4500</leader>
  <controlfield tag="001">002656554-4</controlfield>
  <controlfield tag="005">20020606093309.7</controlfield>
  <controlfield tag="008">780721m19699999ii            000 0 tibrd</controlfield>
  <datafield tag="010" ind1=" " ind2=" ">
    <subfield code="a">   70927369 /SA</subfield>
  </datafield>
  <datafield tag="020" ind1=" " ind2=" ">
    <subfield code="c">Rs5.00 per vol.</subfield>
  </datafield>
  <datafield tag="020" ind1=" " ind2=" ">
    <subfield code="c">Rs5.00 per vol.</subfield>
  </datafield>
  <datafield tag="035" ind1="0" ind2=" ">
    <subfield code="a">ocm04071614</subfield>
  </datafield>
  <datafield tag="040" ind1=" " ind2=" ">
    <subfield code="a">IUL</subfield>
    <subfield code="c">IUL</subfield>
    <subfield code="d">CRL</subfield>
  </datafield>
  <datafield tag="041" ind1="0" ind2=" ">
    <subfield code="a">tibeng</subfield>
  </datafield>
  <datafield tag="090" ind1=" " ind2=" ">
    <subfield code="a">PL3614</subfield>
    <subfield code="b">.L6</subfield>
  </datafield>
  <datafield tag="100" ind1="0" ind2=" ">
    <subfield code="a">Lobzang Mingyur Dorje.</subfield>
  </datafield>
  <datafield tag="245" ind1="1" ind2="0">
    <subfield code="a">Tibetan reader =</subfield>
    <subfield code="b">Bod skad kyi sgrogs rgyuʾi dpe cha /</subfield>
    <subfield code="c">by L. M. Dorji.</subfield>
  </datafield>
  <datafield tag="246" ind1="3" ind2=" ">
    <subfield code="a">Bod skad kyi sgrogs rgyuʾi dpe cha.</subfield>
  </datafield>
  <datafield tag="260" ind1=" " ind2=" ">
    <subfield code="a">Calcutta :</subfield>
    <subfield code="b">Calcutta Univ.,</subfield>
    <subfield code="c">1969-</subfield>
  </datafield>
  <datafield tag="300" ind1=" " ind2=" ">
    <subfield code="a">v. ;</subfield>
    <subfield code="c">22 cm.</subfield>
  </datafield>
  <datafield tag="500" ind1=" " ind2=" ">
    <subfield code="a">Cover title.</subfield>
  </datafield>
  <datafield tag="500" ind1=" " ind2=" ">
    <subfield code="a">Preface in English; text in Tibetan with English translations for vocabulary.</subfield>
  </datafield>
  <datafield tag="505" ind1="0" ind2=" ">
    <subfield code="a">v. [1] First Tibetan reader.--v. [2] Second Tibetan reader.--v. [3] Third Tibetan reader.</subfield>
  </datafield>
  <datafield tag="650" ind1=" " ind2="0">
    <subfield code="a">Tibetan language</subfield>
    <subfield code="x">Readers.</subfield>
  </datafield>
</record>