

<record xmlns="http://www.loc.gov/MARC21/slim"
xmlns:xsi="http://www.w3.org/2001/XMLSchema-instance"
xsi:schemaLocation="http://www.loc.gov/MARC21/slim
http://www.loc.gov/standards/marcxml/schema/MARC21slim.xsd">
  <leader>00961cam a2200277Ia 4500</leader>
  <controlfield tag="001">002656565-X</controlfield>
  <controlfield tag="005">20020606093309.7</controlfield>
  <controlfield tag="008">780801m19701979np            000 0btibrd</controlfield>
  <datafield tag="010" ind1=" " ind2=" ">
    <subfield code="a">   76914807 /SA</subfield>
  </datafield>
  <datafield tag="035" ind1="0" ind2=" ">
    <subfield code="a">ocm04100335</subfield>
  </datafield>
  <datafield tag="040" ind1=" " ind2=" ">
    <subfield code="a">IUL</subfield>
    <subfield code="c">IUL</subfield>
    <subfield code="d">m/c</subfield>
    <subfield code="d">CRL</subfield>
  </datafield>
  <datafield tag="090" ind1=" " ind2=" ">
    <subfield code="a">BQ7669.6</subfield>
    <subfield code="b">.R3 1970</subfield>
  </datafield>
  <datafield tag="100" ind1="0" ind2=" ">
    <subfield code="a">Raṅ-byuṅ-rdo-rje,</subfield>
    <subfield code="c">Karma-pa III,</subfield>
    <subfield code="d">1284-1339.</subfield>
  </datafield>
  <datafield tag="240" ind1="1" ind2="0">
    <subfield code="a">Ṅes don phyag rgya chen poʾi smon lam</subfield>
  </datafield>
  <datafield tag="245" ind1="1" ind2="0">
    <subfield code="a">Rje Raṅ-byuṅ-rdo-rjes mdzad paʾi Ṅes don phyag rgya chen poʾi smon lam bźugs so.</subfield>
  </datafield>
  <datafield tag="260" ind1=" " ind2=" ">
    <subfield code="a">[S.l. :</subfield>
    <subfield code="b">s.n., 1970?]</subfield>
  </datafield>
  <datafield tag="300" ind1=" " ind2=" ">
    <subfield code="a">4 [i.e. 8] p. ;</subfield>
    <subfield code="c">10 x 35 cm.</subfield>
  </datafield>
  <datafield tag="500" ind1=" " ind2=" ">
    <subfield code="a">Tibetan in Tibetan script.</subfield>
  </datafield>
  <datafield tag="500" ind1=" " ind2=" ">
    <subfield code="a">&quot;Spar ʾdi Phur-rtse-brag-dgon Ri-khrod du bźugs so.&quot;: p. [8].</subfield>
  </datafield>
  <datafield tag="500" ind1=" " ind2=" ">
    <subfield code="a">On spine: Phyag chen smon lam.</subfield>
  </datafield>
  <datafield tag="650" ind1=" " ind2="0">
    <subfield code="a">Kar-ma-pa (Sect)</subfield>
    <subfield code="x">Prayers and devotions</subfield>
    <subfield code="x">Tibetan.</subfield>
  </datafield>
  <datafield tag="650" ind1=" " ind2="0">
    <subfield code="a">Tibetan language</subfield>
    <subfield code="x">Texts.</subfield>
  </datafield>
  <datafield tag="650" ind1=" " ind2="0">
    <subfield code="a">Mahāmudrā (Tantric rite)</subfield>
  </datafield>
</record>