

<record xmlns="http://www.loc.gov/MARC21/slim"
xmlns:xsi="http://www.w3.org/2001/XMLSchema-instance"
xsi:schemaLocation="http://www.loc.gov/MARC21/slim
http://www.loc.gov/standards/marcxml/schema/MARC21slim.xsd">
  <leader>02508cam a2200325Ia 4500</leader>
  <controlfield tag="001">002656571-4</controlfield>
  <controlfield tag="005">20020606093309.7</controlfield>
  <controlfield tag="008">780809s1970    ii a     b    000 0 tib d</controlfield>
  <datafield tag="010" ind1=" " ind2=" ">
    <subfield code="a">   74918066</subfield>
  </datafield>
  <datafield tag="035" ind1="0" ind2=" ">
    <subfield code="a">ocm04121946</subfield>
  </datafield>
  <datafield tag="040" ind1=" " ind2=" ">
    <subfield code="a">IUL</subfield>
    <subfield code="c">IUL</subfield>
    <subfield code="d">m/c</subfield>
    <subfield code="d">CRL</subfield>
  </datafield>
  <datafield tag="090" ind1=" " ind2=" ">
    <subfield code="a">BQ7600</subfield>
    <subfield code="b">.T8 1970</subfield>
  </datafield>
  <datafield tag="100" ind1="0" ind2=" ">
    <subfield code="a">Tshul-khrims-rin-chen,</subfield>
    <subfield code="c">Źu-chen,</subfield>
    <subfield code="d">1697-1774.</subfield>
  </datafield>
  <datafield tag="245" ind1="1" ind2="0">
    <subfield code="a">Record of teachings received :</subfield>
    <subfield code="b">the gsan-yig of Zhu-chen Tshul-khrims-rin-chen of Sde-dge /</subfield>
    <subfield code="c">edited by Ngawang Gyaltsen and Ngawang Lungtok.</subfield>
  </datafield>
  <datafield tag="246" ind1="3" ind2=" ">
    <subfield code="a">Dpal ldan bla ma dam pa rnams las dam paʾi chos thos paʾi yi ge don gñer gdeṅs can rol paʾi chu gter.</subfield>
  </datafield>
  <datafield tag="246" ind1="3" ind2=" ">
    <subfield code="a">Gsan-yig of Zhu-chen.</subfield>
  </datafield>
  <datafield tag="260" ind1=" " ind2=" ">
    <subfield code="a">Dehradun :</subfield>
    <subfield code="b">D. Gyaltsan,</subfield>
    <subfield code="c">1970.</subfield>
  </datafield>
  <datafield tag="300" ind1=" " ind2=" ">
    <subfield code="a">2 v. :</subfield>
    <subfield code="b">ill.</subfield>
    <subfield code="c">28 x 38 cm.</subfield>
  </datafield>
  <datafield tag="500" ind1=" " ind2=" ">
    <subfield code="a">Added title: Dpal ldan bla ma dam pa rnams las dam paʾi chos thos paʾi yi ge don gñer gdeṅs can rol paʾi chu gter.</subfield>
  </datafield>
  <datafield tag="500" ind1=" " ind2=" ">
    <subfield code="a">Half title: Źu-chen Tshul-khrims-rin-chen gyi Gsan yig.</subfield>
  </datafield>
  <datafield tag="500" ind1=" " ind2=" ">
    <subfield code="a">On spine: Gsan-yig of Zhu-chen.</subfield>
  </datafield>
  <datafield tag="500" ind1=" " ind2=" ">
    <subfield code="a">In Tibetan; pref. in English.</subfield>
  </datafield>
  <datafield tag="505" ind1="0" ind2=" ">
    <subfield code="a">v. 1. ʾJug yul śes paʾi ched dri bstan paʾi rnam par gźag pa. Jug sgo śes paʾi ched du thos bsam la rim gyis slob paʾi tshul. Thun moṅ ba phyi rig paʾi gnas. So sor thar paʾi sdom pa. Byaṅ chub sems dpaʾi sdom pa. Śes rab kyi pha rol tu phyin pa gcod. De bźin gśegs paʾi rigs. Padmaʾi rigs. Rdo rje rigs. Nor can gyi rigs. Spyod paʾi rgyud. Rnal ʾbyor rgyud. Rgyud sde goṅ ʾog sna tshogs ʾdres pa. Gsaṅ sṅags sṅa ʾgyur. Rtsa gsum lha tshogs kyi sgrubs thabs ʾdod ʾjoʾi bum bzaṅ źes bya ba. Dpal gsaṅ ba ʾdus pa. Gśin-rjeʾi-gśed skor te ba rgyud. Rnal ʾbyor ma rgyud. Thabs śes gñis med dgyes pa rdo rjeʾi rgyud gsum. Dus kyi ʾkhor lo. Gser chos gsuṅ ṅag rin po che.</subfield>
  </datafield>
  <datafield tag="505" ind1="0" ind2=" ">
    <subfield code="a">v. 2. Gser chos mkha spyod skor gsum. Gser chos dmar po skor gsum daṅ rmugs ʾdzin dmar po srog sgrub bcas pa. Gser chos rdo rje nag po chen po gur gyi mgon po. Stobs ʾphrog nag po gdoṅ bźi pa. Gser chos gdoṅ bźi paʾi bka sdod las mkhan dmar po gnod sbyin beg tse lcam dral. Dur khrod yab yum sogs dka sruṅ rnams. Śes rab kyi pha rol tu phyin paʾi skor yoṅs rdzogs sogs ston paʾi bkaʾ luṅ rin po che kha śas thos pa. ʾDir smos ma dgos pas de dag gi thos bsam don yod ched du ran ̇gźan don gñis bsgrub tshul.</subfield>
  </datafield>
  <datafield tag="650" ind1=" " ind2="0">
    <subfield code="a">Buddhism</subfield>
    <subfield code="z">China</subfield>
    <subfield code="z">Tibet Autonomous Region</subfield>
    <subfield code="v">Bibliography.</subfield>
  </datafield>
  <datafield tag="650" ind1=" " ind2="0">
    <subfield code="a">Sa-skya-pa (Sect)</subfield>
    <subfield code="v">Bibliography.</subfield>
  </datafield>
  <datafield tag="650" ind1=" " ind2="0">
    <subfield code="a">Tibetan language</subfield>
    <subfield code="x">Texts.</subfield>
  </datafield>
</record>