

<record xmlns="http://www.loc.gov/MARC21/slim"
xmlns:xsi="http://www.w3.org/2001/XMLSchema-instance"
xsi:schemaLocation="http://www.loc.gov/MARC21/slim
http://www.loc.gov/standards/marcxml/schema/MARC21slim.xsd">
  <leader>00941cam a2200277Ii 4500</leader>
  <controlfield tag="001">002656572-2</controlfield>
  <controlfield tag="005">20100401143602.0</controlfield>
  <controlfield tag="008">780811s1972    ii            000 0btibrd</controlfield>
  <datafield tag="010" ind1=" " ind2=" ">
    <subfield code="a">   72905708 /SA</subfield>
  </datafield>
  <datafield tag="020" ind1=" " ind2=" ">
    <subfield code="c">Rs21.21</subfield>
  </datafield>
  <datafield tag="020" ind1=" " ind2=" ">
    <subfield code="c">Rs21.21</subfield>
  </datafield>
  <datafield tag="035" ind1="0" ind2=" ">
    <subfield code="a">ocm04128856</subfield>
  </datafield>
  <datafield tag="040" ind1=" " ind2=" ">
    <subfield code="a">IUL</subfield>
    <subfield code="c">IUL</subfield>
    <subfield code="d">m/c</subfield>
    <subfield code="d">CRL</subfield>
  </datafield>
  <datafield tag="045" ind1=" " ind2=" ">
    <subfield code="a">w9x6</subfield>
  </datafield>
  <datafield tag="090" ind1=" " ind2=" ">
    <subfield code="a">BQ968.A8747</subfield>
    <subfield code="b">R3</subfield>
  </datafield>
  <datafield tag="100" ind1="0" ind2=" ">
    <subfield code="a">Rab-gsal-zla-ba,</subfield>
    <subfield code="c">Dis-mgo Mkhyen-brtse,</subfield>
    <subfield code="d">1910-1991.</subfield>
  </datafield>
  <datafield tag="245" ind1="1" ind2="0">
    <subfield code="a">Saṅs-rgyas-mñan-sprul dgu paʾi rnam thar mdor bsdus dad paʾi sa bon bźugs so.</subfield>
  </datafield>
  <datafield tag="260" ind1=" " ind2=" ">
    <subfield code="a">[Rum-btegs :</subfield>
    <subfield code="b">s.n.,</subfield>
    <subfield code="c">1972?]</subfield>
  </datafield>
  <datafield tag="300" ind1=" " ind2=" ">
    <subfield code="a">44 [i.e. 87] p. ;</subfield>
    <subfield code="c">11 x 43 cm.</subfield>
  </datafield>
  <datafield tag="500" ind1=" " ind2=" ">
    <subfield code="a">Impressions from blocks preserved at Rum-btegs (Rumtek) Karma-chos-sgar in Sikkim.</subfield>
  </datafield>
  <datafield tag="600" ind1="0" ind2="0">
    <subfield code="a">Karma-bśad-sgrub-bstan-paʾi-ñi-ma,</subfield>
    <subfield code="c">Ban-chen Saṅs-rgyas-mñan-pa IX,</subfield>
    <subfield code="d">1897-1962.</subfield>
  </datafield>
  <datafield tag="650" ind1=" " ind2="0">
    <subfield code="a">Bkaʾ-rgyud-pa (Sect)</subfield>
    <subfield code="v">Biography.</subfield>
  </datafield>
  <datafield tag="650" ind1=" " ind2="0">
    <subfield code="a">Tibetan language</subfield>
    <subfield code="x">Texts.</subfield>
  </datafield>
</record>