

<record xmlns="http://www.loc.gov/MARC21/slim"
xmlns:xsi="http://www.w3.org/2001/XMLSchema-instance"
xsi:schemaLocation="http://www.loc.gov/MARC21/slim
http://www.loc.gov/standards/marcxml/schema/MARC21slim.xsd">
  <leader>01302cam a2200325Ii 4500</leader>
  <controlfield tag="001">002656645-1</controlfield>
  <controlfield tag="005">20020606093309.7</controlfield>
  <controlfield tag="008">781121s1977    ii            000 0 tib d</controlfield>
  <datafield tag="010" ind1=" " ind2=" ">
    <subfield code="a">   78900443</subfield>
  </datafield>
  <datafield tag="020" ind1=" " ind2=" ">
    <subfield code="c">Rs60.00</subfield>
  </datafield>
  <datafield tag="020" ind1=" " ind2=" ">
    <subfield code="c">Rs60.00</subfield>
  </datafield>
  <datafield tag="035" ind1="0" ind2=" ">
    <subfield code="a">ocm04392769</subfield>
  </datafield>
  <datafield tag="040" ind1=" " ind2=" ">
    <subfield code="a">IUL</subfield>
    <subfield code="c">IUL</subfield>
    <subfield code="d">m/c</subfield>
    <subfield code="d">CRL</subfield>
  </datafield>
  <datafield tag="090" ind1=" " ind2=" ">
    <subfield code="a">BQ7662.4</subfield>
    <subfield code="b">.M5 1977</subfield>
  </datafield>
  <datafield tag="100" ind1="0" ind2=" ">
    <subfield code="a">Mi-ʾgyur-dpal-sgron,</subfield>
    <subfield code="c">Rje-btsun,</subfield>
    <subfield code="d">1699-1769.</subfield>
  </datafield>
  <datafield tag="245" ind1="1" ind2="0">
    <subfield code="a">Bkaʾ gsaṅ Rdzogs pa chen po Dkon mchog spyi ʾdus kyi khrid yig man ṅag gsal sgron sñiṅ po :</subfield>
    <subfield code="b">a detailed manual of instruction for the practice of Dkon mchog spyi ʾdus /</subfield>
    <subfield code="c">by Rje-btsun Mi-ʾgyur-dpal-sgron.</subfield>
  </datafield>
  <datafield tag="246" ind1="3" ind2=" ">
    <subfield code="a">Man ṅag gsal sgron sñiṅ po.</subfield>
  </datafield>
  <datafield tag="246" ind1="3" ind2=" ">
    <subfield code="a">Dkon mchog spyi ʾdus kyi khrid yig.</subfield>
  </datafield>
  <datafield tag="260" ind1=" " ind2=" ">
    <subfield code="a">Dehra Dun :</subfield>
    <subfield code="b">D. G. Khochhen Tulku,</subfield>
    <subfield code="c">[1977]</subfield>
  </datafield>
  <datafield tag="300" ind1=" " ind2=" ">
    <subfield code="a">102 p. ;</subfield>
    <subfield code="c">9 x 39 cm.</subfield>
  </datafield>
  <datafield tag="500" ind1=" " ind2=" ">
    <subfield code="a">&quot;Reproduced from a rare manuscript preserved at Sangdo Palri in Kalimpong&quot;: t.p.</subfield>
  </datafield>
  <datafield tag="500" ind1=" " ind2=" ">
    <subfield code="a">Added title on board: Dkon mchog spyi ʾdus kyi khrid yig.</subfield>
  </datafield>
  <datafield tag="500" ind1=" " ind2=" ">
    <subfield code="a">In Tibetan; preface in English.</subfield>
  </datafield>
  <datafield tag="600" ind1="0" ind2="0">
    <subfield code="a">ʾJaʾ-tshon-sñiṅ-po,</subfield>
    <subfield code="c">Gter-ston,</subfield>
    <subfield code="d">1585-1656.</subfield>
    <subfield code="t">Dkon mchog spyi ʾdus</subfield>
    <subfield code="x">Rites and ceremonies.</subfield>
  </datafield>
  <datafield tag="650" ind1=" " ind2="0">
    <subfield code="a">Rdzogs chen.</subfield>
  </datafield>
  <datafield tag="650" ind1=" " ind2="0">
    <subfield code="a">Rñiṅ-ma-pa (Sect)</subfield>
    <subfield code="x">Rituals.</subfield>
  </datafield>
  <datafield tag="650" ind1=" " ind2="0">
    <subfield code="a">Tibetan language</subfield>
    <subfield code="x">Texts.</subfield>
  </datafield>
</record>