

<record xmlns="http://www.loc.gov/MARC21/slim"
xmlns:xsi="http://www.w3.org/2001/XMLSchema-instance"
xsi:schemaLocation="http://www.loc.gov/MARC21/slim
http://www.loc.gov/standards/marcxml/schema/MARC21slim.xsd">
  <leader>01594nam a2200265Ii 4500</leader>
  <controlfield tag="001">002656711-3</controlfield>
  <controlfield tag="005">20020606093309.7</controlfield>
  <controlfield tag="008">790206s1970    xx            000 0 tibrd</controlfield>
  <datafield tag="010" ind1=" " ind2=" ">
    <subfield code="a">   70928268</subfield>
  </datafield>
  <datafield tag="035" ind1="0" ind2=" ">
    <subfield code="a">ocm04622895</subfield>
  </datafield>
  <datafield tag="040" ind1=" " ind2=" ">
    <subfield code="a">IUL</subfield>
    <subfield code="c">IUL</subfield>
    <subfield code="d">CRL</subfield>
  </datafield>
  <datafield tag="090" ind1=" " ind2=" ">
    <subfield code="a">BQ5593.P3</subfield>
    <subfield code="b">O7 1970</subfield>
  </datafield>
  <datafield tag="245" ind1="0" ind2="0">
    <subfield code="a">Orgyan Gu-ru Padma-ʼbyuṅ-gnas la gsol ba ʼdebs pa gu ru ñid kyi źal gsuṅ leʼu bdun ba, bar chad lam sel sog le tshan daṅ bcas pa byin rlabs ye śes char ʼbebs</subfield>
    <subfield code="b">źes bya ba bźugs so.</subfield>
  </datafield>
  <datafield tag="260" ind1=" " ind2=" ">
    <subfield code="a">[s.l. :</subfield>
    <subfield code="b">s.n.,</subfield>
    <subfield code="c">1970]</subfield>
  </datafield>
  <datafield tag="300" ind1=" " ind2=" ">
    <subfield code="a">61 [i.e. 121] p. ;</subfield>
    <subfield code="c">9 x 34 cm.</subfield>
  </datafield>
  <datafield tag="500" ind1=" " ind2=" ">
    <subfield code="a">In Tibetan.</subfield>
  </datafield>
  <datafield tag="500" ind1=" " ind2=" ">
    <subfield code="a">&quot;Smin gliṅ chos spyod ji bźin par ... Ṅag-dbaṅ-blo-bzaṅ-mdo-sṅags-bstan-ʼdzin-nor-bus guṅ bsgrigs źus ...&quot; : p. [119]</subfield>
  </datafield>
  <datafield tag="500" ind1=" " ind2=" ">
    <subfield code="a">Xylographic prints from blocks preserved at Thupten Choling (Thub-bstan-chos-gliṅ) Monastery in Solu, Nepal.</subfield>
  </datafield>
  <datafield tag="505" ind1="0" ind2=" ">
    <subfield code="a">Orgyan Gu-ru Padma-ʼbyuṅ-gnas la gsol ʼdebs leʼu bdun ma; Sprul-sku Bzaṅ-po-grags-pas gter nas bton te Rig-ʼdzin Rgod-kyi-ldem-phru-can la gtad pa.--Bla maʼi thugs sgrub bar chad kun sel las gsol ʼdebs bar chad lam sel; Gter-chen Mchog-ʼgyur-bde-chen-gliṅ-pas spyan draṅs pa.--Orgyan-chen-por gsol ʼdebs byin rlabs sprin phuṅ ma; Za-hor-gyi-bandes spyar pa.--Rjes ʼbaṅs ñer lṅaʼi gsol ʼdebs byin rlabs dbaṅ gi chu rgyun; Dbaṅ-poʼi-sdes tshigs bcad ʼdebs.</subfield>
  </datafield>
  <datafield tag="600" ind1="0" ind2="0">
    <subfield code="a">Padma Sambhava,</subfield>
    <subfield code="d">approximately 717-approximately 762</subfield>
    <subfield code="x">Prayers and devotions</subfield>
    <subfield code="x">Tibetan.</subfield>
  </datafield>
  <datafield tag="650" ind1=" " ind2="0">
    <subfield code="a">Tibetan language</subfield>
    <subfield code="x">Texts.</subfield>
  </datafield>
  <datafield tag="700" ind1="0" ind2=" ">
    <subfield code="a">Mdo-sṅags-bstan-ʼdzin-nor-bu,</subfield>
    <subfield code="c">ʼKhrul-źig,</subfield>
    <subfield code="d">1923 or 1924-</subfield>
  </datafield>
</record>