

<record xmlns="http://www.loc.gov/MARC21/slim"
xmlns:xsi="http://www.w3.org/2001/XMLSchema-instance"
xsi:schemaLocation="http://www.loc.gov/MARC21/slim
http://www.loc.gov/standards/marcxml/schema/MARC21slim.xsd">
  <leader>02014nam a2200313Ii 4500</leader>
  <controlfield tag="001">002656772-5</controlfield>
  <controlfield tag="005">20090712133111.0</controlfield>
  <controlfield tag="008">790321s1972    ii            000 0 tibrd</controlfield>
  <datafield tag="010" ind1=" " ind2=" ">
    <subfield code="a">   75902091</subfield>
  </datafield>
  <datafield tag="020" ind1=" " ind2=" ">
    <subfield code="c">Rs56.64</subfield>
  </datafield>
  <datafield tag="020" ind1=" " ind2=" ">
    <subfield code="c">Rs56.64</subfield>
  </datafield>
  <datafield tag="035" ind1="0" ind2=" ">
    <subfield code="a">ocm04764255</subfield>
  </datafield>
  <datafield tag="040" ind1=" " ind2=" ">
    <subfield code="a">IUL</subfield>
    <subfield code="c">IUL</subfield>
    <subfield code="d">m/c</subfield>
    <subfield code="d">CRL</subfield>
  </datafield>
  <datafield tag="090" ind1=" " ind2=" ">
    <subfield code="a">BQ5592.A45</subfield>
    <subfield code="b">M5 1972b</subfield>
  </datafield>
  <datafield tag="100" ind1="0" ind2=" ">
    <subfield code="a">Mi-ʼgyur-rdo-rje,</subfield>
    <subfield code="c">Sprul-sku,</subfield>
    <subfield code="d">1645-1667.</subfield>
  </datafield>
  <datafield tag="245" ind1="1" ind2="0">
    <subfield code="a">Gnam chos Bde chen źiṅ sgrub kyi chos skor.</subfield>
  </datafield>
  <datafield tag="260" ind1=" " ind2=" ">
    <subfield code="a">[Sgaṅ-tog :</subfield>
    <subfield code="b">s.n.,</subfield>
    <subfield code="c">1972]</subfield>
  </datafield>
  <datafield tag="300" ind1=" " ind2=" ">
    <subfield code="a">[235] p. in a case ;</subfield>
    <subfield code="c">10 x 43 cm.</subfield>
  </datafield>
  <datafield tag="500" ind1=" " ind2=" ">
    <subfield code="a">Title from case.</subfield>
  </datafield>
  <datafield tag="500" ind1=" " ind2=" ">
    <subfield code="a">Comprises several small ritual texts, most having separate t.p., from the visions of Sprul-sku Mi-ʾgyur-rdo-rje and Karma-chags-med and liturgical notes by various teachers in the transmission lineage through which the teachings have passed.</subfield>
  </datafield>
  <datafield tag="500" ind1=" " ind2=" ">
    <subfield code="a">Xylographic print from blocks preserved at Burmiok (ʾBaʾ-ñag) House in Gangtok, Sikkim.</subfield>
  </datafield>
  <datafield tag="505" ind1="0" ind2=" ">
    <subfield code="a">Tshig bdun gsol ʾdebs byaṅ źus yin na ltuṅ ba bśags Bde-chen-źiṅ sgrub kyis gsol ʾdebs.--Gnam chos thugs kyi gter kha sñan brgyud zab mo Gu-ru Źi-baʾi skor las rtsa gsum spyi yi sṅon ʾgro.--Bde-chen-źiṅ gi sgrub thabs ʾdon cha.--Źiṅ sgrub zin bris kyi lhan thabs ñuṅ bsdus.--Bkaʾ sruṅ gsol mchod dkrigs chags su bris pa.--Tshogs mchod byin rlabs char ʾbebs.--Bde-chen-źiṅ sgrub gyi byaṅ chog thar lam dkar po.--Bde-chen-źiṅ gi ro sreg cho ga ṅan soṅ gnam ʾdren sdug bsṅal mtsho skem gtan bde rab ʾbar.--Bde-chen-źiṅ sgrub kyi dbaṅ ʾgrig chags su bkod pa.--Dbaṅ bsdus.--Bkra śis rtags brgyad kyi dbaṅ.--Bde-chen-źiṅ sgrub kyi zin bris.--Bde-chen-źiṅ du ʾpho baʾi gdams pa rgyas par bsgrigs pa.--Mkhas-grub Rā-ga-a-syas mdzad paʾi rnam dag Bde-chen-źiṅ gi smon lam.</subfield>
  </datafield>
  <datafield tag="650" ind1=" " ind2="0">
    <subfield code="a">Tibetan language</subfield>
    <subfield code="v">Texts.</subfield>
  </datafield>
  <datafield tag="650" ind1=" " ind2="0">
    <subfield code="a">Rñiṅ-ma-pa (Sect)</subfield>
    <subfield code="v">Prayers and devotions.</subfield>
  </datafield>
  <datafield tag="650" ind1=" " ind2="0">
    <subfield code="a">Amitābha</subfield>
    <subfield code="x">Prayers and devotions.</subfield>
  </datafield>
  <datafield tag="700" ind1="0" ind2=" ">
    <subfield code="a">Karma-chags-med,</subfield>
    <subfield code="c">Gnas-mdo,</subfield>
    <subfield code="d">1610-1678.</subfield>
  </datafield>
</record>