

<record xmlns="http://www.loc.gov/MARC21/slim"
xmlns:xsi="http://www.w3.org/2001/XMLSchema-instance"
xsi:schemaLocation="http://www.loc.gov/MARC21/slim
http://www.loc.gov/standards/marcxml/schema/MARC21slim.xsd">
  <leader>00986nam a2200277Ii 4500</leader>
  <controlfield tag="001">002656856-X</controlfield>
  <controlfield tag="005">20020606093309.7</controlfield>
  <controlfield tag="008">790529s1974    ii a          000 0 tibrd</controlfield>
  <datafield tag="010" ind1=" " ind2=" ">
    <subfield code="a">   75900696</subfield>
  </datafield>
  <datafield tag="020" ind1=" " ind2=" ">
    <subfield code="c">Rs.3.00</subfield>
  </datafield>
  <datafield tag="020" ind1=" " ind2=" ">
    <subfield code="c">Rs.3.00</subfield>
  </datafield>
  <datafield tag="035" ind1="0" ind2=" ">
    <subfield code="a">ocm05013393</subfield>
  </datafield>
  <datafield tag="040" ind1=" " ind2=" ">
    <subfield code="a">IUL</subfield>
    <subfield code="c">IUL</subfield>
    <subfield code="d">CRL</subfield>
  </datafield>
  <datafield tag="090" ind1=" " ind2=" ">
    <subfield code="a">AY1149.T5</subfield>
    <subfield code="b">M5</subfield>
  </datafield>
  <datafield tag="100" ind1="0" ind2=" ">
    <subfield code="a">Mifam Giaccho.</subfield>
  </datafield>
  <datafield tag="245" ind1="1" ind2="0">
    <subfield code="a">Srin bu źes pa ʾbyuṅ ba gsum ldan śiṅ mo yos loʾi ṛ thu byed grub zuṅ ʾbrel snaṅ baʾi dgaʾ ston</subfield>
    <subfield code="b">źes bya ba bźugs so /</subfield>
    <subfield code="c">Khu-nu yoṅs grags bla ma Bsod-nams-ʾbrug-rgyas bu Mi-pham-rgya-mtsho spel.</subfield>
  </datafield>
  <datafield tag="246" ind1="3" ind2=" ">
    <subfield code="a">Leʾu tho gsal byed sgron me.</subfield>
  </datafield>
  <datafield tag="260" ind1=" " ind2=" ">
    <subfield code="a">[Lippa, H. P. :</subfield>
    <subfield code="b">Mifam Giaccho &amp; sons,</subfield>
    <subfield code="c">1974]</subfield>
  </datafield>
  <datafield tag="300" ind1=" " ind2=" ">
    <subfield code="a">112 p. :</subfield>
    <subfield code="b">ill. ;</subfield>
    <subfield code="c">10 x 26 cm.</subfield>
  </datafield>
  <datafield tag="500" ind1=" " ind2=" ">
    <subfield code="a">Cover title: Leʾu tho gsal byed sgron me.</subfield>
  </datafield>
  <datafield tag="500" ind1=" " ind2=" ">
    <subfield code="a">At head of title in three scripts: Namaḥśrīkālacakrāya.</subfield>
  </datafield>
  <datafield tag="650" ind1=" " ind2="0">
    <subfield code="a">Almanacs, Tibetan.</subfield>
  </datafield>
  <datafield tag="650" ind1=" " ind2="0">
    <subfield code="a">Tibetan language</subfield>
    <subfield code="x">Texts.</subfield>
  </datafield>
</record>