

<record xmlns="http://www.loc.gov/MARC21/slim"
xmlns:xsi="http://www.w3.org/2001/XMLSchema-instance"
xsi:schemaLocation="http://www.loc.gov/MARC21/slim
http://www.loc.gov/standards/marcxml/schema/MARC21slim.xsd">
  <leader>01448nam a2200313Ii 4500</leader>
  <controlfield tag="001">002656860-8</controlfield>
  <controlfield tag="005">20090712133112.0</controlfield>
  <controlfield tag="008">790606s1972    ii            000 0 tibrd</controlfield>
  <datafield tag="035" ind1="0" ind2=" ">
    <subfield code="a">ocm05042083</subfield>
  </datafield>
  <datafield tag="040" ind1=" " ind2=" ">
    <subfield code="a">IUL</subfield>
    <subfield code="c">IUL</subfield>
    <subfield code="d">CRL</subfield>
  </datafield>
  <datafield tag="041" ind1="1" ind2=" ">
    <subfield code="a">tibsan</subfield>
  </datafield>
  <datafield tag="090" ind1=" " ind2=" ">
    <subfield code="a">BQ2240.M355</subfield>
    <subfield code="b">V55 1972</subfield>
  </datafield>
  <datafield tag="100" ind1="0" ind2=" ">
    <subfield code="a">Vimalamitra,</subfield>
    <subfield code="d">active 8th century.</subfield>
  </datafield>
  <datafield tag="245" ind1="1" ind2="0">
    <subfield code="a">ʼJam dpal sgyu ʼphrul drā [i.e. drwa] baʼi ʼgrel ba mtshan don gsal bar byed paʼi sgron me</subfield>
    <subfield code="b">źes bya ba bźugs so.</subfield>
  </datafield>
  <datafield tag="246" ind1="3" ind2=" ">
    <subfield code="a">Mtshan yaṅ dag par brjod paʼi ʼgrel pa mtshan don gsal bar byed baʼi sgron me.</subfield>
  </datafield>
  <datafield tag="246" ind1="3" ind2=" ">
    <subfield code="a">Nāmasaṅgītivr̥tti nāmārthaprakāśakaraṇadīpa.</subfield>
  </datafield>
  <datafield tag="260" ind1=" " ind2=" ">
    <subfield code="a">[Sgaṅ-thog :</subfield>
    <subfield code="b">s.n.,</subfield>
    <subfield code="c">1972]</subfield>
  </datafield>
  <datafield tag="300" ind1=" " ind2=" ">
    <subfield code="a">88 (i.e. 175) p. in a case ;</subfield>
    <subfield code="c">10 x 43 cm.</subfield>
  </datafield>
  <datafield tag="500" ind1=" " ind2=" ">
    <subfield code="a">Includes fabricated Sanskrit titles in Lañca and Tibetan scripts.</subfield>
  </datafield>
  <datafield tag="500" ind1=" " ind2=" ">
    <subfield code="a">Colophon title: Mtshan yaṅ dag par brjod paʼi ʼgrel pa mtshan don gsal bar byed baʼi sgron me.</subfield>
  </datafield>
  <datafield tag="500" ind1=" " ind2=" ">
    <subfield code="a">Title on case: Nāmasaṅgītir̥tti nāmārthaprakāśakaraṇadīpa. Tibetan.</subfield>
  </datafield>
  <datafield tag="500" ind1=" " ind2=" ">
    <subfield code="a">Impressions from blocks preserved in the temple at the Deorali Chorten in Gangtok, Sikkim.</subfield>
  </datafield>
  <datafield tag="500" ind1=" " ind2=" ">
    <subfield code="a">&quot;Slob-dpon Bi-ma-la-mi-tras mdzad nas thugs kyi sras Ñaṅ-tiṅ-ʼdzin gyis źus paʼo. Gñags Dzñā-nas bsgyur baʼo.&quot;--p. [175].</subfield>
  </datafield>
  <datafield tag="650" ind1=" " ind2="0">
    <subfield code="a">Tibetan language</subfield>
    <subfield code="v">Texts.</subfield>
  </datafield>
  <datafield tag="630" ind1="0" ind2="0">
    <subfield code="a">Tripiṭaka.</subfield>
    <subfield code="p">Sūtrapiṭaka.</subfield>
    <subfield code="p">Mañjuśrīnāmasaṅgīti</subfield>
    <subfield code="x">Commentaries.</subfield>
  </datafield>
  <datafield tag="650" ind1=" " ind2="0">
    <subfield code="a">Mañjuśrī (Buddhist deity)</subfield>
  </datafield>
</record>