

<record xmlns="http://www.loc.gov/MARC21/slim"
xmlns:xsi="http://www.w3.org/2001/XMLSchema-instance"
xsi:schemaLocation="http://www.loc.gov/MARC21/slim
http://www.loc.gov/standards/marcxml/schema/MARC21slim.xsd">
  <leader>00869nam a2200241Ii 4500</leader>
  <controlfield tag="001">002656869-1</controlfield>
  <controlfield tag="005">20020606093309.7</controlfield>
  <controlfield tag="008">790612s1972    ii a          000 0 tibrd</controlfield>
  <datafield tag="035" ind1="0" ind2=" ">
    <subfield code="a">ocm05060097</subfield>
  </datafield>
  <datafield tag="040" ind1=" " ind2=" ">
    <subfield code="a">IUL</subfield>
    <subfield code="c">IUL</subfield>
    <subfield code="d">CRL</subfield>
  </datafield>
  <datafield tag="043" ind1=" " ind2=" ">
    <subfield code="a">a-cc-ti</subfield>
  </datafield>
  <datafield tag="090" ind1=" " ind2=" ">
    <subfield code="a">AY1149.T5</subfield>
    <subfield code="b">S23</subfield>
  </datafield>
  <datafield tag="100" ind1="0" ind2=" ">
    <subfield code="a">Saṅs-rgyas-chos-ʾphel,</subfield>
    <subfield code="d">1928-</subfield>
  </datafield>
  <datafield tag="245" ind1="1" ind2="0">
    <subfield code="a">Bag med ces pa ʾbyuṅ ba bźi ldan chu mo glaṅ loʾi zla tho byed grub zuṅ ʾbrel mkhas dbaṅ dgyes pa bskyed paʾi mchod sprin</subfield>
    <subfield code="b">bźugs so /</subfield>
    <subfield code="c">Khu-nu Sman-pa Saṅs-rgyas-chos-ʾphel gyis spel ba.</subfield>
  </datafield>
  <datafield tag="260" ind1=" " ind2=" ">
    <subfield code="a">Delhi :</subfield>
    <subfield code="b">Mahboob-ul-Matba Press,</subfield>
    <subfield code="c">[1972]</subfield>
  </datafield>
  <datafield tag="300" ind1=" " ind2=" ">
    <subfield code="a">112 p. :</subfield>
    <subfield code="b">ill. ;</subfield>
    <subfield code="c">10 x 26 cm.</subfield>
  </datafield>
  <datafield tag="500" ind1=" " ind2=" ">
    <subfield code="a">At head of title in Lañca and Tibetan scripts: Namogurumañjughoṣaya.</subfield>
  </datafield>
  <datafield tag="500" ind1=" " ind2=" ">
    <subfield code="a">In Tibetan.</subfield>
  </datafield>
  <datafield tag="650" ind1=" " ind2="0">
    <subfield code="a">Almanacs, Tibetan.</subfield>
  </datafield>
  <datafield tag="650" ind1=" " ind2="0">
    <subfield code="a">Tibetan language</subfield>
    <subfield code="x">Texts.</subfield>
  </datafield>
</record>