

<record xmlns="http://www.loc.gov/MARC21/slim"
xmlns:xsi="http://www.w3.org/2001/XMLSchema-instance"
xsi:schemaLocation="http://www.loc.gov/MARC21/slim
http://www.loc.gov/standards/marcxml/schema/MARC21slim.xsd">
  <leader>01519nam a2200385Ii 4500</leader>
  <controlfield tag="001">002657133-1</controlfield>
  <controlfield tag="005">20020606093309.7</controlfield>
  <controlfield tag="008">800312q19601969ii            000 0 tib d</controlfield>
  <datafield tag="010" ind1=" " ind2=" ">
    <subfield code="a">   72906337</subfield>
  </datafield>
  <datafield tag="020" ind1=" " ind2=" ">
    <subfield code="c">Rs8.80</subfield>
  </datafield>
  <datafield tag="020" ind1=" " ind2=" ">
    <subfield code="c">Rs8.80</subfield>
  </datafield>
  <datafield tag="035" ind1="0" ind2=" ">
    <subfield code="a">ocm06071731</subfield>
  </datafield>
  <datafield tag="040" ind1=" " ind2=" ">
    <subfield code="a">IUL</subfield>
    <subfield code="c">IUL</subfield>
    <subfield code="d">m/c</subfield>
    <subfield code="d">CRL</subfield>
  </datafield>
  <datafield tag="090" ind1=" " ind2=" ">
    <subfield code="a">BQ7662.4</subfield>
    <subfield code="b">.M357 1960z</subfield>
  </datafield>
  <datafield tag="100" ind1="0" ind2=" ">
    <subfield code="a">Mchog-gyur-gliṅ-pa,</subfield>
    <subfield code="c">Gter-ston,</subfield>
    <subfield code="d">1829-1870.</subfield>
  </datafield>
  <datafield tag="245" ind1="1" ind2="0">
    <subfield code="a">Bla ma loṅs sku ʼgro ʼdul ṅan soṅ doṅ sprug kyi phrin las dbaṅ bskur gnas luṅ daṅ bcas pa gźan phan śiṅ rta źes bya ba /</subfield>
    <subfield code="c">[Mchog-gyur-gliṅ-pa].</subfield>
  </datafield>
  <datafield tag="246" ind1="3" ind2=" ">
    <subfield code="a">Thugs sgrub bar chad kun sel las bla ma loṅs sku ʼgro ʼdul ṅan soṅ doṅ sprug kyi phrin las dbaṅ bskur gnas luṅ daṅ bcas pa gźan phan śiṅ rta źes bya ba.</subfield>
  </datafield>
  <datafield tag="246" ind1="3" ind2=" ">
    <subfield code="a">Gźan phan śiṅ rta.</subfield>
  </datafield>
  <datafield tag="246" ind1="3" ind2=" ">
    <subfield code="a">Thugs sgrub loṅs sku chog khrigs.</subfield>
  </datafield>
  <datafield tag="260" ind1=" " ind2=" ">
    <subfield code="a">Dahli :</subfield>
    <subfield code="b">Jamāl Parīs,</subfield>
    <subfield code="c">[196-].</subfield>
  </datafield>
  <datafield tag="300" ind1=" " ind2=" ">
    <subfield code="a">42 [i.e. 84] p. ;</subfield>
    <subfield code="c">9 x 35 cm.</subfield>
  </datafield>
  <datafield tag="500" ind1=" " ind2=" ">
    <subfield code="a">In Tibetan.</subfield>
  </datafield>
  <datafield tag="500" ind1=" " ind2=" ">
    <subfield code="a">At head of title: Thugs sgrub bar chad kun sel.</subfield>
  </datafield>
  <datafield tag="500" ind1=" " ind2=" ">
    <subfield code="a">Author supplied from pre-cat card.</subfield>
  </datafield>
  <datafield tag="500" ind1=" " ind2=" ">
    <subfield code="a">&quot;With liturgical notes by Koṅ-sprul Blo-gros-mthaʼ-yas.&quot;</subfield>
  </datafield>
  <datafield tag="500" ind1=" " ind2=" ">
    <subfield code="a">Running title: Thugs sgrub loṅs sku chog khrigs.</subfield>
  </datafield>
  <datafield tag="600" ind1="0" ind2="0">
    <subfield code="a">Padma Sambhava,</subfield>
    <subfield code="d">approximately 717-approximately 762</subfield>
    <subfield code="x">Cult.</subfield>
  </datafield>
  <datafield tag="650" ind1=" " ind2="0">
    <subfield code="a">Rñiṅ-ma-pa (Sect)</subfield>
    <subfield code="x">Rituals.</subfield>
  </datafield>
  <datafield tag="650" ind1=" " ind2="0">
    <subfield code="a">Rdzogs chen.</subfield>
  </datafield>
  <datafield tag="650" ind1=" " ind2="0">
    <subfield code="a">Guruyoga.</subfield>
  </datafield>
  <datafield tag="650" ind1=" " ind2="0">
    <subfield code="a">Tibetan language</subfield>
    <subfield code="x">Texts.</subfield>
  </datafield>
  <datafield tag="700" ind1="0" ind2=" ">
    <subfield code="a">Koṅ-sprul Blo-gros-mthaʼ-yas,</subfield>
    <subfield code="d">1813-1899.</subfield>
  </datafield>
</record>