

<record xmlns="http://www.loc.gov/MARC21/slim"
xmlns:xsi="http://www.w3.org/2001/XMLSchema-instance"
xsi:schemaLocation="http://www.loc.gov/MARC21/slim
http://www.loc.gov/standards/marcxml/schema/MARC21slim.xsd">
  <leader>01397nam a2200337Ia 4500</leader>
  <controlfield tag="001">002657922-7</controlfield>
  <controlfield tag="005">20020606093309.7</controlfield>
  <controlfield tag="008">811006s1969    ii            000 0atibod</controlfield>
  <datafield tag="010" ind1=" " ind2=" ">
    <subfield code="a">   74911641</subfield>
  </datafield>
  <datafield tag="020" ind1=" " ind2=" ">
    <subfield code="c">Rs14.88</subfield>
  </datafield>
  <datafield tag="020" ind1=" " ind2=" ">
    <subfield code="c">Rs14.88</subfield>
  </datafield>
  <datafield tag="035" ind1="0" ind2=" ">
    <subfield code="a">ocm07822340</subfield>
  </datafield>
  <datafield tag="040" ind1=" " ind2=" ">
    <subfield code="a">IUL</subfield>
    <subfield code="c">IUL</subfield>
    <subfield code="d">CRL</subfield>
  </datafield>
  <datafield tag="043" ind1=" " ind2=" ">
    <subfield code="a">a-cc-ti</subfield>
  </datafield>
  <datafield tag="050" ind1=" " ind2=" ">
    <subfield code="a">BQ998.E73</subfield>
    <subfield code="b">A33</subfield>
  </datafield>
  <datafield tag="100" ind1="0" ind2=" ">
    <subfield code="a">Ye-śes-grub-pa,</subfield>
    <subfield code="c">Bde-chen-chos-ʾkhor Yoṅs-ʾdzin V,</subfield>
    <subfield code="d">1781-1845.</subfield>
  </datafield>
  <datafield tag="245" ind1="1" ind2="0">
    <subfield code="a">Rje bla ma ʾKhor-loʾi-dbaṅ-phyug ʾJam-dpal-ye-śes-grub-paʾi rnam thar rags tsam :</subfield>
    <subfield code="b">skyabs mgon ñid kyi gsuṅ ṅo ma mthoṅ bas Yid ʾphrog ṅo mtshar dad paʾi snaṅ byed ces bya ba /</subfield>
    <subfield code="c">Ye-śes-grub-paʾi rnam thar rje ñid kyis mdzad pa.</subfield>
  </datafield>
  <datafield tag="246" ind1="3" ind2=" ">
    <subfield code="a">Raṅ rnam.</subfield>
  </datafield>
  <datafield tag="246" ind1="3" ind2=" ">
    <subfield code="a">Yid ʾphrog ṅo mtshar dad paʾi snaṅ byed.</subfield>
  </datafield>
  <datafield tag="260" ind1=" " ind2=" ">
    <subfield code="a">[Darjeeling :</subfield>
    <subfield code="b">ʾBrug-gduṅ-sras Ṅag-dbaṅ-bde-chen-ʾgyur-med,</subfield>
    <subfield code="c">1969]</subfield>
  </datafield>
  <datafield tag="300" ind1=" " ind2=" ">
    <subfield code="a">63 p. ;</subfield>
    <subfield code="c">10 x 52 cm.</subfield>
  </datafield>
  <datafield tag="500" ind1=" " ind2=" ">
    <subfield code="a">In Tibetan.</subfield>
  </datafield>
  <datafield tag="500" ind1=" " ind2=" ">
    <subfield code="a">Includes the Rje ʾJam-dpal-ye-śes-grub-paʾi źabs kyi rnam thar gsol ʾdebs of ʾJigs-med-mi-ʾgyur-dbaṅ-gi-rgyal-po.</subfield>
  </datafield>
  <datafield tag="500" ind1=" " ind2=" ">
    <subfield code="a">Title on spine: Raṅ rnam.</subfield>
  </datafield>
  <datafield tag="600" ind1="0" ind2="0">
    <subfield code="a">Ye-śes-grub-pa,</subfield>
    <subfield code="c">Bde-chen-chos-ʾkhor Yoṅs-ʾdzin V,</subfield>
    <subfield code="d">1781-1845.</subfield>
  </datafield>
  <datafield tag="650" ind1=" " ind2="0">
    <subfield code="a">ʾBrug-pa lamas</subfield>
    <subfield code="z">China</subfield>
    <subfield code="z">Tibet Autonomous Region</subfield>
    <subfield code="v">Biography.</subfield>
  </datafield>
  <datafield tag="650" ind1=" " ind2="0">
    <subfield code="a">Tibetan language</subfield>
    <subfield code="x">Texts.</subfield>
  </datafield>
  <datafield tag="700" ind1="0" ind2=" ">
    <subfield code="a">ʾJigs-med-mi-ʾgyur-dbaṅ-rgyal,</subfield>
    <subfield code="c">Brug-chen IX,</subfield>
    <subfield code="d">1823-1883.</subfield>
  </datafield>
</record>