

<record xmlns="http://www.loc.gov/MARC21/slim"
xmlns:xsi="http://www.w3.org/2001/XMLSchema-instance"
xsi:schemaLocation="http://www.loc.gov/MARC21/slim
http://www.loc.gov/standards/marcxml/schema/MARC21slim.xsd">
  <leader>02220nam a2200361Ia 4500</leader>
  <controlfield tag="001">002657964-2</controlfield>
  <controlfield tag="005">20071218123018.0</controlfield>
  <controlfield tag="008">811208s1970    ii a          000 0 tib d</controlfield>
  <datafield tag="010" ind1=" " ind2=" ">
    <subfield code="a">   70912479</subfield>
  </datafield>
  <datafield tag="020" ind1=" " ind2=" ">
    <subfield code="c">Rs300.00 per volume</subfield>
  </datafield>
  <datafield tag="020" ind1=" " ind2=" ">
    <subfield code="c">Rs300.00 per volume</subfield>
  </datafield>
  <datafield tag="035" ind1="0" ind2=" ">
    <subfield code="a">ocm07983146</subfield>
  </datafield>
  <datafield tag="040" ind1=" " ind2=" ">
    <subfield code="a">IUL</subfield>
    <subfield code="c">IUL</subfield>
    <subfield code="d">m/c</subfield>
    <subfield code="d">CRL</subfield>
  </datafield>
  <datafield tag="043" ind1=" " ind2=" ">
    <subfield code="a">a-cc-ti</subfield>
  </datafield>
  <datafield tag="090" ind1=" " ind2=" ">
    <subfield code="a">BQ8921.S3</subfield>
    <subfield code="b">S4 1970</subfield>
  </datafield>
  <datafield tag="245" ind1="0" ind2="0">
    <subfield code="a">Sgrub thabs kun btus :</subfield>
    <subfield code="b">a collection of sādhanas and related texts of the Vajrayāna traditions of Tibet.</subfield>
  </datafield>
  <datafield tag="246" ind1="3" ind2=" ">
    <subfield code="a">Sgrub paʾi thabs kun las btus pa dṅos grub rin po cheʾi ʾdod ʾjo.</subfield>
  </datafield>
  <datafield tag="260" ind1=" " ind2=" ">
    <subfield code="a">Dehradun :</subfield>
    <subfield code="b">G.T.K. Lodoy, N. Gyaltsen &amp; N. Lungtok,</subfield>
    <subfield code="c">1970.</subfield>
  </datafield>
  <datafield tag="300" ind1=" " ind2=" ">
    <subfield code="a">14 v. :</subfield>
    <subfield code="b">ill. ;</subfield>
    <subfield code="c">30 x 41 cm.</subfield>
  </datafield>
  <datafield tag="500" ind1=" " ind2=" ">
    <subfield code="a">In Tibetan; pref. in English.</subfield>
  </datafield>
  <datafield tag="500" ind1=" " ind2=" ">
    <subfield code="a">&quot;Reproduced by photomechanical process from Klu-sdings Rin-po-che&apos;s example of the Sde-dge xylograph edition of 1902.&quot;</subfield>
  </datafield>
  <datafield tag="500" ind1=" " ind2=" ">
    <subfield code="a">Cover title: Sgrub paʾi thabs kun las btus pa dṅos grub rin po cheʾi ʾdod ʾjo.</subfield>
  </datafield>
  <datafield tag="500" ind1=" " ind2=" ">
    <subfield code="a">&quot;This compilation was conceived by ʾJam-dbyaṅs Mkhyen-brtseʾi-dbaṅ-po and was completed by ʾJam-dbyaṅs Blo-gter-dbaṅ-po.&quot;</subfield>
  </datafield>
  <datafield tag="505" ind1="0" ind2=" ">
    <subfield code="a">v. 1. Dkar po lha gsum; ʾChi med tshe yi dṅos sgrub -- v. 2. Rigs gsum mgon po; Śes rab kyi lha -- v. 3. Spyan-ras-gzigs; Phyag-na-rdo-rje; Sgrol ma -- v. 4. Rnal byor bla maʾi yi dam -- v. 5. De-bźin-gśegs-pa chags bral; Thugs dam gyi lha (Bkaʾ gdams lha bźi; Lha drug sna tshogs) -- v. 6. Rdo-rje-gur gyi ... lha gsum; Rab byams daṅ rjes su ʾbrel baʾi ... skor sdig sgrib zi bar byed pa -- v. 7. Sna tshogs paʾi las; Khrus kyi lha i skor; Rgyas paʾi las; Gñen poʾi las -- v. 8. Gñen poʾi lha; Nor lha -- v. 9. Nor lha; Bstan sruṅ (Mgon-po; Lha-mo; sna tshogs) -- v. 10. Ñer mkho sna tshogs -- v. 11. Sna tshogs skor -- v. 12-13. Kha skoṅ gsar bcug skor -- v. 14. Grub chen brgyad bcu rtsa bźiʾi byin rlabs skor; Chos sruṅ skor.</subfield>
  </datafield>
  <datafield tag="650" ind1=" " ind2="0">
    <subfield code="a">Buddhism</subfield>
    <subfield code="z">China</subfield>
    <subfield code="z">Tibet Autonomous Region</subfield>
    <subfield code="x">Rituals.</subfield>
  </datafield>
  <datafield tag="650" ind1=" " ind2="0">
    <subfield code="a">Tantric Buddhism</subfield>
    <subfield code="x">Rituals.</subfield>
  </datafield>
  <datafield tag="650" ind1=" " ind2="0">
    <subfield code="a">Sādhana.</subfield>
  </datafield>
  <datafield tag="650" ind1=" " ind2="0">
    <subfield code="a">Tibetan language</subfield>
    <subfield code="x">Texts.</subfield>
  </datafield>
  <datafield tag="700" ind1="0" ind2=" ">
    <subfield code="a">Mkhyen-brtseʾi-dbaṅ-po,</subfield>
    <subfield code="c">ʾJam-dbyaṅs,</subfield>
    <subfield code="d">1820-1892.</subfield>
  </datafield>
  <datafield tag="700" ind1="0" ind2=" ">
    <subfield code="a">Blo-gter-dbaṅ-po,</subfield>
    <subfield code="c">ʾJam-dbyaṅs.</subfield>
  </datafield>
</record>