

<record xmlns="http://www.loc.gov/MARC21/slim"
xmlns:xsi="http://www.w3.org/2001/XMLSchema-instance"
xsi:schemaLocation="http://www.loc.gov/MARC21/slim
http://www.loc.gov/standards/marcxml/schema/MARC21slim.xsd">
  <leader>00878nam a2200289Ia 4500</leader>
  <controlfield tag="001">002658082-9</controlfield>
  <controlfield tag="005">20081215161437.0</controlfield>
  <controlfield tag="008">820204s1973    ii            000 0 tibod</controlfield>
  <datafield tag="010" ind1=" " ind2=" ">
    <subfield code="a">   77901958</subfield>
  </datafield>
  <datafield tag="020" ind1=" " ind2=" ">
    <subfield code="c">Rs50.00</subfield>
  </datafield>
  <datafield tag="020" ind1=" " ind2=" ">
    <subfield code="c">Rs50.00</subfield>
  </datafield>
  <datafield tag="035" ind1="0" ind2=" ">
    <subfield code="a">ocm08126364</subfield>
  </datafield>
  <datafield tag="040" ind1=" " ind2=" ">
    <subfield code="a">IUL</subfield>
    <subfield code="c">IUL</subfield>
    <subfield code="d">m/c</subfield>
    <subfield code="d">CRL</subfield>
    <subfield code="d">HLS</subfield>
  </datafield>
  <datafield tag="090" ind1=" " ind2=" ">
    <subfield code="a">BQ2795</subfield>
    <subfield code="b">.T8 1973</subfield>
  </datafield>
  <datafield tag="100" ind1="0" ind2=" ">
    <subfield code="a">Tsoṅ-kha-pa Blo-bzaṅ-grags-pa,</subfield>
    <subfield code="d">1357-1419.</subfield>
  </datafield>
  <datafield tag="245" ind1="1" ind2="0">
    <subfield code="a">Rtsa śe ṭik chen Rigs paʼi rgya mtsho /</subfield>
    <subfield code="c">Rje Tsoṅ-kha-pa.</subfield>
  </datafield>
  <datafield tag="260" ind1=" " ind2=" ">
    <subfield code="a">Sarnath, Varanasi, U.P. :</subfield>
    <subfield code="b">Wā-na Mtho-slob Dge-ldan-spyi-las-khaṅ,</subfield>
    <subfield code="c">1973.</subfield>
  </datafield>
  <datafield tag="300" ind1=" " ind2=" ">
    <subfield code="a">1, 487 p. ;</subfield>
    <subfield code="c">24 cm.</subfield>
  </datafield>
  <datafield tag="500" ind1=" " ind2=" ">
    <subfield code="a">In Tibetan.</subfield>
  </datafield>
  <datafield tag="500" ind1=" " ind2=" ">
    <subfield code="a">Cover title.</subfield>
  </datafield>
  <datafield tag="600" ind1="0" ind2="0">
    <subfield code="a">Nāgārjuna,</subfield>
    <subfield code="d">active 2nd century.</subfield>
    <subfield code="t">Madhyamakakārikā.</subfield>
  </datafield>
  <datafield tag="650" ind1=" " ind2="0">
    <subfield code="a">Mādhyamika (Buddhism)</subfield>
  </datafield>
</record>