

<record xmlns="http://www.loc.gov/MARC21/slim"
xmlns:xsi="http://www.w3.org/2001/XMLSchema-instance"
xsi:schemaLocation="http://www.loc.gov/MARC21/slim
http://www.loc.gov/standards/marcxml/schema/MARC21slim.xsd">
  <leader>01325cam a2200325Ia 4500</leader>
  <controlfield tag="001">002663946-7</controlfield>
  <controlfield tag="005">20020606093309.7</controlfield>
  <controlfield tag="008">840312s1969    ii a          000 0 tibod</controlfield>
  <datafield tag="010" ind1=" " ind2=" ">
    <subfield code="a">   73910684</subfield>
  </datafield>
  <datafield tag="020" ind1=" " ind2=" ">
    <subfield code="c">Rs13.25</subfield>
  </datafield>
  <datafield tag="020" ind1=" " ind2=" ">
    <subfield code="c">Rs13.25</subfield>
  </datafield>
  <datafield tag="035" ind1="0" ind2=" ">
    <subfield code="a">ocm10510283</subfield>
  </datafield>
  <datafield tag="040" ind1=" " ind2=" ">
    <subfield code="a">IUL</subfield>
    <subfield code="c">IUL</subfield>
    <subfield code="d">m/c</subfield>
    <subfield code="d">CRL</subfield>
  </datafield>
  <datafield tag="043" ind1=" " ind2=" ">
    <subfield code="a">a-cc-ti</subfield>
  </datafield>
  <datafield tag="090" ind1=" " ind2=" ">
    <subfield code="a">BQ4860.C354</subfield>
    <subfield code="b">T5734 1969</subfield>
  </datafield>
  <datafield tag="100" ind1="0" ind2=" ">
    <subfield code="a">Padma-dkar-po,</subfield>
    <subfield code="c">ʾBrug-chen IV,</subfield>
    <subfield code="d">1527-1592.</subfield>
  </datafield>
  <datafield tag="245" ind1="1" ind2="0">
    <subfield code="a">Dpal Mkhaʾ ʾgro sñan brgyud las, ʾKhor-lo-sdom-paʾi sgrub thabs ʾbriṅ po rnal ʾbyor bźi pa mdun bum bdag bskyed bcas kyi cho ga nag ʾgros su bsgrigs pa bźugs /</subfield>
    <subfield code="c">[Padma-dkar-pos sbyar]</subfield>
  </datafield>
  <datafield tag="246" ind1="3" ind2=" ">
    <subfield code="a">ʾKhor-lo-sdom-paʾi sgrub thabs ʾbriṅ po rnal ʾbyor bźi pa mdun bum bdag bskyed bcas kyi cho ga.</subfield>
  </datafield>
  <datafield tag="260" ind1=" " ind2=" ">
    <subfield code="a">[He-mi :</subfield>
    <subfield code="b">Rgod-tshaṅ Sgrub-sdeʾi-tshogs-pa,</subfield>
    <subfield code="c">1969]</subfield>
  </datafield>
  <datafield tag="300" ind1=" " ind2=" ">
    <subfield code="a">53 [i.e. 105] p. :</subfield>
    <subfield code="b">ill. ;</subfield>
    <subfield code="c">10 x 37 cm.</subfield>
  </datafield>
  <datafield tag="500" ind1=" " ind2=" ">
    <subfield code="a">In Tibetan.</subfield>
  </datafield>
  <datafield tag="500" ind1=" " ind2=" ">
    <subfield code="a">Printed from blocks carved in 1969 and kept at He-mi Rgod-tshaṅ Sgrub-sde.</subfield>
  </datafield>
  <datafield tag="600" ind1="0" ind2="0">
    <subfield code="a">Ras-chuṅ Rdo-rje-grags,</subfield>
    <subfield code="d">1083-1161.</subfield>
    <subfield code="t">Mkhaʾ ʾgro sñan rgyud.</subfield>
  </datafield>
  <datafield tag="650" ind1=" " ind2="0">
    <subfield code="a">Cakrasamvara (Buddhist deity)</subfield>
    <subfield code="x">Cult</subfield>
    <subfield code="z">China</subfield>
    <subfield code="z">Tibet Autonomous Region.</subfield>
  </datafield>
  <datafield tag="650" ind1=" " ind2="0">
    <subfield code="a">Vajrayoginī (Buddhist deity)</subfield>
    <subfield code="x">Cult</subfield>
    <subfield code="z">China</subfield>
    <subfield code="z">Tibet Autonomous Region.</subfield>
  </datafield>
  <datafield tag="650" ind1=" " ind2="0">
    <subfield code="a">ʾBrug-pa (Sect)</subfield>
    <subfield code="x">Rituals.</subfield>
  </datafield>
  <datafield tag="650" ind1=" " ind2="0">
    <subfield code="a">Tibetan language</subfield>
    <subfield code="x">Texts.</subfield>
  </datafield>
</record>