

<record xmlns="http://www.loc.gov/MARC21/slim"
xmlns:xsi="http://www.w3.org/2001/XMLSchema-instance"
xsi:schemaLocation="http://www.loc.gov/MARC21/slim
http://www.loc.gov/standards/marcxml/schema/MARC21slim.xsd">
  <leader>01404nam a2200373Ia 4500</leader>
  <controlfield tag="001">002664031-7</controlfield>
  <controlfield tag="005">20020606093309.7</controlfield>
  <controlfield tag="008">840724s1970    np            000 0 tibod</controlfield>
  <datafield tag="010" ind1=" " ind2=" ">
    <subfield code="a">   71920659</subfield>
  </datafield>
  <datafield tag="020" ind1=" " ind2=" ">
    <subfield code="c">Rs4.50</subfield>
  </datafield>
  <datafield tag="020" ind1=" " ind2=" ">
    <subfield code="c">Rs4.50</subfield>
  </datafield>
  <datafield tag="035" ind1="0" ind2=" ">
    <subfield code="a">ocm10978669</subfield>
  </datafield>
  <datafield tag="040" ind1=" " ind2=" ">
    <subfield code="a">IUL</subfield>
    <subfield code="c">IUL</subfield>
    <subfield code="d">m/c</subfield>
    <subfield code="d">CRL</subfield>
  </datafield>
  <datafield tag="043" ind1=" " ind2=" ">
    <subfield code="a">a-cc-ti</subfield>
  </datafield>
  <datafield tag="090" ind1=" " ind2=" ">
    <subfield code="a">BQ7662.4</subfield>
    <subfield code="b">.R397 1970</subfield>
  </datafield>
  <datafield tag="100" ind1="0" ind2=" ">
    <subfield code="a">Rgod-kyi-ldem-ʾphru-can,</subfield>
    <subfield code="c">Gter-ston,</subfield>
    <subfield code="d">1337-1408.</subfield>
  </datafield>
  <datafield tag="245" ind1="1" ind2="0">
    <subfield code="a">Byaṅ gter sṅon ʾgro gzer lṅa daṅ Thugs sgrub rnam pa gsum gyi brgyud ʾdebs kha skoṅ bcas bźugs so /</subfield>
    <subfield code="c">[Rig-ʾdzin Rgod-kyi-ldem-ʾphru-can gyis spyan draṅs pa].</subfield>
  </datafield>
  <datafield tag="246" ind1="3" ind2=" ">
    <subfield code="a">Byaṅ gter thugs sgrub rnam gsum gyi sṅon ʾgro.</subfield>
  </datafield>
  <datafield tag="246" ind1="3" ind2=" ">
    <subfield code="a">Thugs sgrub rnam pa gsum gyi brgyud ʾdebs.</subfield>
  </datafield>
  <datafield tag="246" ind1="3" ind2=" ">
    <subfield code="a">Rin chen gnad kyi gzer lṅa.</subfield>
  </datafield>
  <datafield tag="260" ind1=" " ind2=" ">
    <subfield code="a">[S.l. :</subfield>
    <subfield code="b">s.n.,</subfield>
    <subfield code="c">1970]</subfield>
  </datafield>
  <datafield tag="300" ind1=" " ind2=" ">
    <subfield code="a">9 [i.e. 17] p. ;</subfield>
    <subfield code="c">10 x 46 cm.</subfield>
  </datafield>
  <datafield tag="500" ind1=" " ind2=" ">
    <subfield code="a">In Tibetan.</subfield>
  </datafield>
  <datafield tag="500" ind1=" " ind2=" ">
    <subfield code="a">Xylographs from blocks kept at Me-tog Dpag-yas, Solukhumbu, Nepal.</subfield>
  </datafield>
  <datafield tag="500" ind1=" " ind2=" ">
    <subfield code="a">Title in text given as: Byaṅ gter thugs sgrub rnam gsum gyi sṅon ʾgro Rin chen gnad kyi gzer lṅa.</subfield>
  </datafield>
  <datafield tag="650" ind1=" " ind2="0">
    <subfield code="a">Rdzogs chen.</subfield>
  </datafield>
  <datafield tag="650" ind1=" " ind2="0">
    <subfield code="a">Byaṅ gter.</subfield>
  </datafield>
  <datafield tag="650" ind1=" " ind2="0">
    <subfield code="a">Rñiṅ-ma-pa (Sect)</subfield>
    <subfield code="x">Rituals.</subfield>
  </datafield>
  <datafield tag="650" ind1=" " ind2="0">
    <subfield code="a">Guruyoga.</subfield>
  </datafield>
  <datafield tag="650" ind1=" " ind2="0">
    <subfield code="a">Tibetan language</subfield>
    <subfield code="x">Texts.</subfield>
  </datafield>
  <datafield tag="700" ind1="0" ind2="2">
    <subfield code="a">Rgod-kyi-ldem-ʾphru-can,</subfield>
    <subfield code="c">Gter-ston,</subfield>
    <subfield code="d">1337-1408.</subfield>
    <subfield code="t">Byaṅ gter thugs sgrub.</subfield>
    <subfield code="k">Selections.</subfield>
  </datafield>
</record>