

<record xmlns="http://www.loc.gov/MARC21/slim"
xmlns:xsi="http://www.w3.org/2001/XMLSchema-instance"
xsi:schemaLocation="http://www.loc.gov/MARC21/slim
http://www.loc.gov/standards/marcxml/schema/MARC21slim.xsd">
  <leader>01409nam a2200349Ia 4500</leader>
  <controlfield tag="001">002664267-0</controlfield>
  <controlfield tag="005">20020606093309.7</controlfield>
  <controlfield tag="008">850703s1972    ii            000 0 tibod</controlfield>
  <datafield tag="010" ind1=" " ind2=" ">
    <subfield code="a">   74900143</subfield>
  </datafield>
  <datafield tag="020" ind1=" " ind2=" ">
    <subfield code="c">Rs58.00</subfield>
  </datafield>
  <datafield tag="020" ind1=" " ind2=" ">
    <subfield code="c">Rs58.00</subfield>
  </datafield>
  <datafield tag="020" ind1=" " ind2=" ">
    <subfield code="c">Rs58.00</subfield>
  </datafield>
  <datafield tag="035" ind1="0" ind2=" ">
    <subfield code="a">ocm12229395</subfield>
  </datafield>
  <datafield tag="040" ind1=" " ind2=" ">
    <subfield code="a">IUL</subfield>
    <subfield code="c">IUL</subfield>
    <subfield code="d">CRL</subfield>
  </datafield>
  <datafield tag="043" ind1=" " ind2=" ">
    <subfield code="a">a-cc-ti</subfield>
  </datafield>
  <datafield tag="090" ind1=" " ind2=" ">
    <subfield code="a">BQ4750.M354</subfield>
    <subfield code="b">T577 1972</subfield>
  </datafield>
  <datafield tag="245" ind1="0" ind2="0">
    <subfield code="a">Śrī Ma-hā-kā-laʾi mṅon par rtogs pa Don kun sgrub byed Log ʾdren tshar gcod sdaṅ ba rnam sreg las btus pa bźugs so.</subfield>
  </datafield>
  <datafield tag="246" ind1="3" ind2=" ">
    <subfield code="a">Śrī Ma-hā-kā-laʾi brgyud ʾdebs.</subfield>
  </datafield>
  <datafield tag="260" ind1=" " ind2=" ">
    <subfield code="a">[Rum-btegs :</subfield>
    <subfield code="b">s.n.,</subfield>
    <subfield code="c">1972]</subfield>
  </datafield>
  <datafield tag="300" ind1=" " ind2=" ">
    <subfield code="a">103, 2 [i.e. 205, 4] p. ;</subfield>
    <subfield code="c">12 x 54 cm.</subfield>
  </datafield>
  <datafield tag="500" ind1=" " ind2=" ">
    <subfield code="a">In Tibetan.</subfield>
  </datafield>
  <datafield tag="500" ind1=" " ind2=" ">
    <subfield code="a">Xylographs from blocks kept at Rum-btegs Karma-chos-sgar, Sikkim.</subfield>
  </datafield>
  <datafield tag="500" ind1=" " ind2=" ">
    <subfield code="a">Compiled by Śrī Ā-darṣa-anrī on the basis of the condensation by Dkon-mchog-yan-lag of the collection of texts by Mthoṅ-ba-don-ldan. Includes a brgyud ʾdebs by Si-tu Paṇ-chen.</subfield>
  </datafield>
  <datafield tag="650" ind1=" " ind2="0">
    <subfield code="a">Mahākāla (Buddhist deity)</subfield>
    <subfield code="x">Cult</subfield>
    <subfield code="z">China</subfield>
    <subfield code="z">Tibet Autonomous Region.</subfield>
  </datafield>
  <datafield tag="650" ind1=" " ind2="0">
    <subfield code="a">Kar-ma-pa (Sect)</subfield>
    <subfield code="x">Rituals.</subfield>
  </datafield>
  <datafield tag="650" ind1=" " ind2="0">
    <subfield code="a">Tibetan language</subfield>
    <subfield code="x">Texts.</subfield>
  </datafield>
  <datafield tag="700" ind1="0" ind2="2">
    <subfield code="a">Si-tu Paṇ-chen Chos-kyi-ʾbyuṅ-gnas,</subfield>
    <subfield code="d">1699 or 1700-1774.</subfield>
    <subfield code="t">Śrī Ma-hā-kā-laʾi brgyud ʾdebs.</subfield>
  </datafield>
  <datafield tag="700" ind1="0" ind2=" ">
    <subfield code="a">Mthoṅ-ba-don-ldan,</subfield>
    <subfield code="c">Karma-pa VI,</subfield>
    <subfield code="d">1415-1452.</subfield>
  </datafield>
  <datafield tag="700" ind1="0" ind2=" ">
    <subfield code="a">Dkon-mchog-yan-lag,</subfield>
    <subfield code="c">Źwa-dmar V,</subfield>
    <subfield code="d">1525-1583.</subfield>
  </datafield>
</record>