

<record xmlns="http://www.loc.gov/MARC21/slim"
xmlns:xsi="http://www.w3.org/2001/XMLSchema-instance"
xsi:schemaLocation="http://www.loc.gov/MARC21/slim
http://www.loc.gov/standards/marcxml/schema/MARC21slim.xsd">
  <leader>01754nam a2200361Ia 4500</leader>
  <controlfield tag="001">002665074-6</controlfield>
  <controlfield tag="005">20020606093309.7</controlfield>
  <controlfield tag="008">871027s1972    ii            000 0 tibod</controlfield>
  <datafield tag="010" ind1=" " ind2=" ">
    <subfield code="a">   73907639</subfield>
  </datafield>
  <datafield tag="020" ind1=" " ind2=" ">
    <subfield code="c">Rs8.64</subfield>
  </datafield>
  <datafield tag="020" ind1=" " ind2=" ">
    <subfield code="c">Rs8.64</subfield>
  </datafield>
  <datafield tag="035" ind1="0" ind2=" ">
    <subfield code="a">ocm16904138</subfield>
  </datafield>
  <datafield tag="040" ind1=" " ind2=" ">
    <subfield code="a">IUL</subfield>
    <subfield code="c">IUL</subfield>
    <subfield code="d">CRL</subfield>
  </datafield>
  <datafield tag="043" ind1=" " ind2=" ">
    <subfield code="a">a-cc-ti</subfield>
  </datafield>
  <datafield tag="090" ind1=" " ind2=" ">
    <subfield code="a">BQ7672.4</subfield>
    <subfield code="b">.D554 1972</subfield>
  </datafield>
  <datafield tag="100" ind1="0" ind2=" ">
    <subfield code="a">Dkon-mchog-yan-lag,</subfield>
    <subfield code="c">Źwa-dmar V,</subfield>
    <subfield code="d">1525-1583.</subfield>
  </datafield>
  <datafield tag="245" ind1="0" ind2="0">
    <subfield code="a">Źiṅ-skyoṅ-chen-po Kun-dgaʾ-gźon-nuʾi mchod paʾi cho ga Dpaʾ bo rnam par rol paʾi dgaʾ ston źes bya ba bźugs so /</subfield>
    <subfield code="c">[Źwa-dmar-pa Lṅa-pas sbyar]</subfield>
  </datafield>
  <datafield tag="246" ind1="3" ind2=" ">
    <subfield code="a">Dpaʾ bo rnam par rol paʾi dgaʾ ston.</subfield>
  </datafield>
  <datafield tag="246" ind1="3" ind2=" ">
    <subfield code="a">Dpal Tsa-ri-trar Bdud mgon-nag-po-chen-po źal gzigs dus bstod bskul mdzad.</subfield>
  </datafield>
  <datafield tag="260" ind1=" " ind2=" ">
    <subfield code="a">[Rum-btegs :</subfield>
    <subfield code="b">s.n.,</subfield>
    <subfield code="c">1972]</subfield>
  </datafield>
  <datafield tag="300" ind1=" " ind2=" ">
    <subfield code="a">18 [i.e. 35] p. ;</subfield>
    <subfield code="c">11 x 53 cm.</subfield>
  </datafield>
  <datafield tag="500" ind1=" " ind2=" ">
    <subfield code="a">Xylographs from blocks kept at Rum-btegs Karma-chos-sgar, Sikkim.</subfield>
  </datafield>
  <datafield tag="505" ind1="2" ind2=" ">
    <subfield code="a">Thams-cad-mkhyen-pa Źwa-dmar-pa Drug-pas Dpal Tsa-ri-trar Bdud-mgon-nag-po-chen-po źal gzigs dus bstod bskul mdzad -- Dgug bźug / Źwa-dmar Brgyad-pa -- Dpal-ldan Mgon-po ʾkhor daṅ bcas pa yi sa, Dam rdzas rgyan gyi gtor ma ʾdi bźes la ... / Źwa-dmar Bdun-pa -- Lam sel gtor ma / Źwa-dmar Brgyad-pa -- Postword / Grags-yoṅs.</subfield>
  </datafield>
  <datafield tag="650" ind1=" " ind2="0">
    <subfield code="a">Kar-ma-pa (Sect)</subfield>
    <subfield code="x">Rituals.</subfield>
  </datafield>
  <datafield tag="650" ind1=" " ind2="0">
    <subfield code="a">Kun-dgaʾ-gźon-nu (Buddhist deity)</subfield>
    <subfield code="x">Cult.</subfield>
  </datafield>
  <datafield tag="650" ind1=" " ind2="0">
    <subfield code="a">Gtor-ma (Tibetan ritual)</subfield>
  </datafield>
  <datafield tag="650" ind1=" " ind2="0">
    <subfield code="a">Tibetan language</subfield>
    <subfield code="x">Texts.</subfield>
  </datafield>
  <datafield tag="700" ind1="0" ind2=" ">
    <subfield code="a">Chos-kyi-dbaṅ-phyug,</subfield>
    <subfield code="c">Źwa-dmar VI,</subfield>
    <subfield code="d">1584-1630.</subfield>
    <subfield code="t">Dpal Tsa-ri-trar Bdud-mgon-nag-po-chen-po źal gzigs dus bstod bskul mdzad.</subfield>
  </datafield>
  <datafield tag="700" ind1="0" ind2=" ">
    <subfield code="a">Ye-śes-sñiṅ-po,</subfield>
    <subfield code="c">Źwa-dmar VI,</subfield>
    <subfield code="d">1631-1694.</subfield>
  </datafield>
  <datafield tag="700" ind1="0" ind2=" ">
    <subfield code="a">Dpal-chen-chos-kyi-don-grub,</subfield>
    <subfield code="c">Źwa-dmar VIII,</subfield>
    <subfield code="d">1695-1732.</subfield>
  </datafield>
</record>