

<record xmlns="http://www.loc.gov/MARC21/slim"
xmlns:xsi="http://www.w3.org/2001/XMLSchema-instance"
xsi:schemaLocation="http://www.loc.gov/MARC21/slim
http://www.loc.gov/standards/marcxml/schema/MARC21slim.xsd">
  <leader>00767nam a2200193Ma 4500</leader>
  <controlfield tag="001">002666760-6</controlfield>
  <controlfield tag="005">20020606093309.7</controlfield>
  <controlfield tag="008">900601s1970    np            000 0 tib d</controlfield>
  <datafield tag="010" ind1=" " ind2=" ">
    <subfield code="a">   72906611</subfield>
  </datafield>
  <datafield tag="035" ind1="0" ind2=" ">
    <subfield code="a">ocm21945924</subfield>
  </datafield>
  <datafield tag="040" ind1=" " ind2=" ">
    <subfield code="a">CUY</subfield>
    <subfield code="c">CUY</subfield>
    <subfield code="d">CRL</subfield>
  </datafield>
  <datafield tag="100" ind1="0" ind2=" ">
    <subfield code="a">Rgod-kyi-ldem-ʾphru-can,</subfield>
    <subfield code="c">Gter-ston,</subfield>
    <subfield code="d">1337-1408.</subfield>
  </datafield>
  <datafield tag="245" ind1="1" ind2="0">
    <subfield code="a">Byaṅ gter thugs sgrub kyi bla ma&apos;i rnal &apos;byor daṅ brgyud &apos;debs kha sbyoṅ rgyal chen bźhi&apos;i mchod phrin, phrin las &apos;briṅ po bcas bźugs so.</subfield>
  </datafield>
  <datafield tag="260" ind1=" " ind2=" ">
    <subfield code="a">[Nepal? :</subfield>
    <subfield code="b">s.n.,</subfield>
    <subfield code="c">1970]</subfield>
  </datafield>
  <datafield tag="300" ind1=" " ind2=" ">
    <subfield code="a">17, 1, 1 [i.e. 33, 2, 2] p. ;</subfield>
    <subfield code="c">11 x 49 cm.</subfield>
  </datafield>
  <datafield tag="520" ind1=" " ind2=" ">
    <subfield code="a">In Tibetan; rituals from the Changter cycle of rediscovered teachings of the Nyingmapa sect of Tibetan Buddhism.</subfield>
  </datafield>
  <datafield tag="650" ind1=" " ind2="0">
    <subfield code="a">Rñiṅ-ma-pa (Sect)</subfield>
    <subfield code="x">Rituals.</subfield>
  </datafield>
</record>