

<record xmlns="http://www.loc.gov/MARC21/slim"
xmlns:xsi="http://www.w3.org/2001/XMLSchema-instance"
xsi:schemaLocation="http://www.loc.gov/MARC21/slim
http://www.loc.gov/standards/marcxml/schema/MARC21slim.xsd">
  <leader>00618nam a2200193Ma 4500</leader>
  <controlfield tag="001">002666960-9</controlfield>
  <controlfield tag="005">20020606093309.7</controlfield>
  <controlfield tag="008">900814s1969    ii            000 0 tib d</controlfield>
  <datafield tag="010" ind1=" " ind2=" ">
    <subfield code="a">   77904604</subfield>
  </datafield>
  <datafield tag="035" ind1="0" ind2=" ">
    <subfield code="a">ocm22281011</subfield>
  </datafield>
  <datafield tag="040" ind1=" " ind2=" ">
    <subfield code="a">CUY</subfield>
    <subfield code="c">CUY</subfield>
    <subfield code="d">CRL</subfield>
  </datafield>
  <datafield tag="100" ind1="0" ind2=" ">
    <subfield code="a">Thub-bstan-bzaṅ-po,</subfield>
    <subfield code="c">Mkhan-chuṅ.</subfield>
  </datafield>
  <datafield tag="245" ind1="1" ind2="0">
    <subfield code="a">Bod rigs skyabs bcol dge ʾdun gyi ʾtsho snon yon bdag &apos;bod skul lha/a\i rṅa chen dge.</subfield>
  </datafield>
  <datafield tag="260" ind1=" " ind2=" ">
    <subfield code="a">[Ldi-li :</subfield>
    <subfield code="b">Bod mi dmaṅs spyi ʾdzin tshogs pa thus moṅs,</subfield>
    <subfield code="c">1969]</subfield>
  </datafield>
  <datafield tag="300" ind1=" " ind2=" ">
    <subfield code="a">10 [i.e. 20] p. ;</subfield>
    <subfield code="c">11 x 27 cm.</subfield>
  </datafield>
  <datafield tag="500" ind1=" " ind2=" ">
    <subfield code="a">In Tibetan.</subfield>
  </datafield>
  <datafield tag="650" ind1=" " ind2="0">
    <subfield code="a">Refugees</subfield>
    <subfield code="z">China</subfield>
    <subfield code="z">Tibet Autonomous Region.</subfield>
  </datafield>
</record>