

<record xmlns="http://www.loc.gov/MARC21/slim"
xmlns:xsi="http://www.w3.org/2001/XMLSchema-instance"
xsi:schemaLocation="http://www.loc.gov/MARC21/slim
http://www.loc.gov/standards/marcxml/schema/MARC21slim.xsd">
  <leader>01110nam a2200313Ia 4500</leader>
  <controlfield tag="001">002691267-8</controlfield>
  <controlfield tag="005">20020606093309.7</controlfield>
  <controlfield tag="008">830823s1969    ii            000 0 tibod</controlfield>
  <datafield tag="010" ind1=" " ind2=" ">
    <subfield code="a">   70907745</subfield>
  </datafield>
  <datafield tag="020" ind1=" " ind2=" ">
    <subfield code="c">Rs10.95</subfield>
  </datafield>
  <datafield tag="020" ind1=" " ind2=" ">
    <subfield code="c">Rs10.95</subfield>
  </datafield>
  <datafield tag="035" ind1="0" ind2=" ">
    <subfield code="a">ocm09835732</subfield>
  </datafield>
  <datafield tag="040" ind1=" " ind2=" ">
    <subfield code="a">IUL</subfield>
    <subfield code="c">IUL</subfield>
    <subfield code="d">m/c</subfield>
    <subfield code="d">CRL</subfield>
  </datafield>
  <datafield tag="043" ind1=" " ind2=" ">
    <subfield code="a">a-cc-ti</subfield>
  </datafield>
  <datafield tag="090" ind1=" " ind2=" ">
    <subfield code="a">BQ7460.N33</subfield>
    <subfield code="b">N3 1969</subfield>
  </datafield>
  <datafield tag="100" ind1="0" ind2=" ">
    <subfield code="a">Ṅag-dbaṅ-chos-ʾgrub,</subfield>
    <subfield code="c">Ldan-ma Stoṅ-dpon.</subfield>
  </datafield>
  <datafield tag="245" ind1="1" ind2="0">
    <subfield code="a">Dbu ma chos kyi dbyiṅs rnam par ʾbyed paʾi ʾgrel pa smra ba ṅan paʾi tshaṅ tshiṅ ʾjoms par byed paʾi bstan bcos Gnam lcags me char źes bya ba bźugs so /</subfield>
    <subfield code="c">Yoṅs-kyi-dge-baʾi-bśes-gñen ʾBras Blo-gliṅ Ldan-ma Ṅag-dbaṅ-chos-ʾgrub.</subfield>
  </datafield>
  <datafield tag="246" ind1="3" ind2=" ">
    <subfield code="a">Gnam lcags me char.</subfield>
  </datafield>
  <datafield tag="260" ind1=" " ind2=" ">
    <subfield code="a">[Wa-ra-ṇa-si :</subfield>
    <subfield code="b">s.n.,</subfield>
    <subfield code="c">1969]</subfield>
  </datafield>
  <datafield tag="300" ind1=" " ind2=" ">
    <subfield code="a">104 p. ;</subfield>
    <subfield code="c">24 cm.</subfield>
  </datafield>
  <datafield tag="500" ind1=" " ind2=" ">
    <subfield code="a">In Tibetan.</subfield>
  </datafield>
  <datafield tag="500" ind1=" " ind2=" ">
    <subfield code="a">Cover title.</subfield>
  </datafield>
  <datafield tag="600" ind1="0" ind2="0">
    <subfield code="a">Ṅag-dbaṅ-chos-ʾbrub,</subfield>
    <subfield code="c">Ldan-ma Stoṅ-dpon.</subfield>
    <subfield code="t">Dbu ma chos dbyiṅs rnam byed.</subfield>
  </datafield>
  <datafield tag="650" ind1=" " ind2="0">
    <subfield code="a">Mādhyamika (Buddhism)</subfield>
  </datafield>
  <datafield tag="650" ind1=" " ind2="0">
    <subfield code="a">Dge-lugs-pa (Sect)</subfield>
    <subfield code="x">Doctrines.</subfield>
  </datafield>
  <datafield tag="650" ind1=" " ind2="0">
    <subfield code="a">Tibetan language</subfield>
    <subfield code="x">Texts.</subfield>
  </datafield>
</record>