

<record xmlns="http://www.loc.gov/MARC21/slim"
xmlns:xsi="http://www.w3.org/2001/XMLSchema-instance"
xsi:schemaLocation="http://www.loc.gov/MARC21/slim
http://www.loc.gov/standards/marcxml/schema/MARC21slim.xsd">
  <leader>01893nam a2200397Ia 4500</leader>
  <controlfield tag="001">002691803-X</controlfield>
  <controlfield tag="005">20090712133452.0</controlfield>
  <controlfield tag="008">831026s1974    ii a          000 0 tib d</controlfield>
  <datafield tag="010" ind1=" " ind2=" ">
    <subfield code="a">   75900297</subfield>
  </datafield>
  <datafield tag="020" ind1=" " ind2=" ">
    <subfield code="c">Rs300.00</subfield>
  </datafield>
  <datafield tag="020" ind1=" " ind2=" ">
    <subfield code="c">Rs300.00</subfield>
  </datafield>
  <datafield tag="035" ind1="0" ind2=" ">
    <subfield code="a">ocm10059117</subfield>
  </datafield>
  <datafield tag="040" ind1=" " ind2=" ">
    <subfield code="a">IUL</subfield>
    <subfield code="c">IUL</subfield>
    <subfield code="d">m/c</subfield>
    <subfield code="d">CRL</subfield>
  </datafield>
  <datafield tag="043" ind1=" " ind2=" ">
    <subfield code="a">a-cc-ti</subfield>
  </datafield>
  <datafield tag="090" ind1=" " ind2=" ">
    <subfield code="a">BQ7450</subfield>
    <subfield code="b">.B93 1974</subfield>
  </datafield>
  <datafield tag="100" ind1="0" ind2=" ">
    <subfield code="a">Byams-pa-bkra-śis,</subfield>
    <subfield code="c">Khyuṅ-phrug.</subfield>
  </datafield>
  <datafield tag="245" ind1="1" ind2="4">
    <subfield code="a">The obligatory texts (yig cha) prescribed for the study of Madhyamika at Dgaʾ-ldan Byan-rtse /</subfield>
    <subfield code="c">by Khyuṅ-phrug Byams-pa-bkra-śis and Sgom-sde Śar-pa Nam-mkhaʾ-rgyal-mtshan.</subfield>
  </datafield>
  <datafield tag="246" ind1="3" ind2=" ">
    <subfield code="a">Bstan bcos chen po Dbu ma la ʾjug paʾi rnam bśad Thar ʾdod ʾjug ṅogs.</subfield>
  </datafield>
  <datafield tag="246" ind1="3" ind2=" ">
    <subfield code="a">Thar ʾdod ʾjug ṅogs.</subfield>
  </datafield>
  <datafield tag="246" ind1="3" ind2=" ">
    <subfield code="a">Dbu ma ʾjug paʾi rnam bśad Dgoṅs pa rab gsal gyi dkaʾ baʾi gnas gsal bar byed pa.</subfield>
  </datafield>
  <datafield tag="246" ind1="3" ind2=" ">
    <subfield code="a">Skal bzaṅ mgul rgyan.</subfield>
  </datafield>
  <datafield tag="260" ind1=" " ind2=" ">
    <subfield code="a">New Delhi :</subfield>
    <subfield code="b">Lha-mkhar Yoṅs-ʾdzin Bstan-pa-rgyal-mtshan,</subfield>
    <subfield code="c">1974.</subfield>
  </datafield>
  <datafield tag="300" ind1=" " ind2=" ">
    <subfield code="a">762 columns :</subfield>
    <subfield code="b">ill. ;</subfield>
    <subfield code="c">28 x 37 cm.</subfield>
  </datafield>
  <datafield tag="440" ind1=" " ind2="0">
    <subfield code="a">Madhyamika text series ;</subfield>
    <subfield code="v">v. 8</subfield>
  </datafield>
  <datafield tag="500" ind1=" " ind2=" ">
    <subfield code="a">In Tibetan; pref. in English.</subfield>
  </datafield>
  <datafield tag="505" ind1="0" ind2=" ">
    <subfield code="a">Dbu ma ʾjug paʾi rnam bśad Dgoṅs pa rab gsal gyi dkaʾ baʾi gnas gsal bar byed paʾi legs bśad Skal bzaṅ mgul rgyan / Rje Byams-pa-bkra-śis --Bstan bcos chen po Dbu ma la ʾjug paʾi rnam bśad Thar ʾdod ʾjug ṅogs Zla baʾi dgoṅs rgyan / Sgom-sde Nam-mkhaʾ-rgyal-mtshan.</subfield>
  </datafield>
  <datafield tag="650" ind1=" " ind2="0">
    <subfield code="a">Tibetan language</subfield>
    <subfield code="v">Texts.</subfield>
  </datafield>
  <datafield tag="610" ind1="2" ind2="0">
    <subfield code="a">Dgaʼ-ldan (Monastery).</subfield>
    <subfield code="b">Byaṅ-rtse Grwa-tshaṅ</subfield>
    <subfield code="x">Study and teaching.</subfield>
  </datafield>
  <datafield tag="600" ind1="0" ind2="0">
    <subfield code="a">Tsoṅ-kha-pa Blo-bzaṅ-grags-pa,</subfield>
    <subfield code="d">1357-1419.</subfield>
    <subfield code="t">Dbu ma la ʼjug paʼi rnam bśad Dgoṅs pa rab gsal.</subfield>
  </datafield>
  <datafield tag="600" ind1="0" ind2="0">
    <subfield code="a">Candrakīrti.</subfield>
    <subfield code="t">Madhyamakāvatāra.</subfield>
  </datafield>
  <datafield tag="650" ind1=" " ind2="0">
    <subfield code="a">Mādhyamika (Buddhism)</subfield>
  </datafield>
  <datafield tag="650" ind1=" " ind2="0">
    <subfield code="a">Dge-lugs-pa (Sect)</subfield>
    <subfield code="x">Study and teaching.</subfield>
  </datafield>
  <datafield tag="700" ind1="0" ind2="2">
    <subfield code="a">Sgom-sde Nam-mkhaʼ-rgyal-mtshan,</subfield>
    <subfield code="d">1532-1592.</subfield>
    <subfield code="t">Bstan bcos chen po Dbu ma la ʼjug paʼi rnam bśad.</subfield>
  </datafield>
</record>