

<record xmlns="http://www.loc.gov/MARC21/slim"
xmlns:xsi="http://www.w3.org/2001/XMLSchema-instance"
xsi:schemaLocation="http://www.loc.gov/MARC21/slim
http://www.loc.gov/standards/marcxml/schema/MARC21slim.xsd">
  <leader>00519nam a2200157Ii 4500</leader>
  <controlfield tag="001">002893876-3</controlfield>
  <controlfield tag="005">20130806092900.0</controlfield>
  <controlfield tag="008">930304s1885    gw            000 0 tib d</controlfield>
  <datafield tag="035" ind1="0" ind2=" ">
    <subfield code="a">ocm81348857</subfield>
  </datafield>
  <datafield tag="040" ind1=" " ind2=" ">
    <subfield code="a">HLS</subfield>
    <subfield code="b">eng</subfield>
    <subfield code="e">rda</subfield>
    <subfield code="c">HLS</subfield>
    <subfield code="d">HMM</subfield>
  </datafield>
  <datafield tag="041" ind1=" " ind2=" ">
    <subfield code="a">tib</subfield>
    <subfield code="h">und</subfield>
  </datafield>
  <datafield tag="130" ind1="0" ind2=" ">
    <subfield code="a">Bible.</subfield>
    <subfield code="p">New Testament.</subfield>
    <subfield code="k">Selections.</subfield>
    <subfield code="l">Tibetan.</subfield>
  </datafield>
  <datafield tag="245" ind1="1" ind2="4">
    <subfield code="a">The Acts in Tibetan :</subfield>
    <subfield code="b">The Epistles and Revelation in Tibetan.</subfield>
  </datafield>
  <datafield tag="246" ind1="1" ind2="4">
    <subfield code="a">Tibetan Acts to Revelation</subfield>
  </datafield>
  <datafield tag="264" ind1=" " ind2="3">
    <subfield code="a">Berlin :</subfield>
    <subfield code="b">printed by Unger Brothers (Th. Grimm),</subfield>
    <subfield code="c">[1885?]</subfield>
  </datafield>
  <datafield tag="300" ind1=" " ind2=" ">
    <subfield code="a">iv, 103, iv, 346 pages ;</subfield>
    <subfield code="c">21 cm</subfield>
  </datafield>
  <datafield tag="500" ind1=" " ind2=" ">
    <subfield code="a">Titles from verso of Tibetan title-pages.</subfield>
  </datafield>
  <datafield tag="500" ind1=" " ind2=" ">
    <subfield code="a">&quot;In 1881 the N.T. was completed and revised by A.W. Heyde and F.A. Redslob, assisted by a baptized lama named Nathaniel. The Gospels were printed in 1883 in the oblong form used for all previous Bible-editions in Tibetan except No. 9277; the remaining books of the N.T. were printed in 1885 in the form common to European books. All these were printed &apos;by Unger Brothers (Th. Grimm) in Berlin&apos;, with a fount of type which had been specially cast at Berlin for printing a Tibetan dictionary, on which H.A. Jaeschke was then engaged for the Indian Government.&quot;--Historical catalogue of the printed editions of Holy Scripture in the library of the British and Foreign Bible Society, volume 2, part 3, page 1603.</subfield>
  </datafield>
  <datafield tag="700" ind1="1" ind2=" ">
    <subfield code="a">Heyde, Augustus William,</subfield>
    <subfield code="d">-1907,</subfield>
    <subfield code="e">translator.</subfield>
  </datafield>
  <datafield tag="740" ind1="0" ind2="2">
    <subfield code="a">Epistles and Revelation in Tibetan.</subfield>
  </datafield>
  <datafield tag="830" ind1=" " ind2="0">
    <subfield code="a">Harvard College Library preservation digitization program.</subfield>
    <subfield code="5">net</subfield>
  </datafield>
</record>