

<record xmlns="http://www.loc.gov/MARC21/slim"
xmlns:xsi="http://www.w3.org/2001/XMLSchema-instance"
xsi:schemaLocation="http://www.loc.gov/MARC21/slim
http://www.loc.gov/standards/marcxml/schema/MARC21slim.xsd">
  <leader>01216cam a2200301Ii 4500</leader>
  <controlfield tag="001">002906382-5</controlfield>
  <controlfield tag="005">20020606093309.7</controlfield>
  <controlfield tag="008">760816r19701904gw            000 0 tib d</controlfield>
  <datafield tag="035" ind1="0" ind2=" ">
    <subfield code="a">ocm02376993</subfield>
  </datafield>
  <datafield tag="040" ind1=" " ind2=" ">
    <subfield code="a">VZI</subfield>
    <subfield code="c">VZI</subfield>
    <subfield code="d">m/c</subfield>
    <subfield code="d">HLS</subfield>
  </datafield>
  <datafield tag="041" ind1="0" ind2=" ">
    <subfield code="a">tibrus</subfield>
  </datafield>
  <datafield tag="090" ind1=" " ind2=" ">
    <subfield code="a">BQ1011</subfield>
    <subfield code="b">.B5 l970, no.8</subfield>
  </datafield>
  <datafield tag="100" ind1="0" ind2=" ">
    <subfield code="a">Dharmakīti.</subfield>
  </datafield>
  <datafield tag="245" ind1="1" ind2="0">
    <subfield code="a">Nyāyabindu :</subfield>
    <subfield code="b">Buddiĭskīĭ uchebnik logiki sochinenie Darmakirti, i tolkovanie na nego. Nyāyabinduṭīkā, sochinenie Darmottary. /</subfield>
    <subfield code="c">Tibetskīĭ perevod izdal s vvedeniem i primi︠e︡chanīi︠a︡mi F. I. Shcherbatskoĭ.</subfield>
  </datafield>
  <datafield tag="250" ind1=" " ind2=" ">
    <subfield code="a">Neudruk der Ausg. 1904.</subfield>
  </datafield>
  <datafield tag="260" ind1=" " ind2=" ">
    <subfield code="a">Osnabrück, W. Germany :</subfield>
    <subfield code="b">Biblio Verlag,</subfield>
    <subfield code="c">1970, 1904.</subfield>
  </datafield>
  <datafield tag="300" ind1=" " ind2=" ">
    <subfield code="a">iv, 222 p. ;</subfield>
    <subfield code="c">23 cm.</subfield>
  </datafield>
  <datafield tag="440" ind1=" " ind2="0">
    <subfield code="a">Bibliotheca Buddhica;</subfield>
    <subfield code="v">no.8</subfield>
  </datafield>
  <datafield tag="500" ind1=" " ind2=" ">
    <subfield code="a">[Reprint of the series begun by the Imperial Academy of Sciences, St. Petersburg, 1897- ]</subfield>
  </datafield>
  <datafield tag="500" ind1=" " ind2=" ">
    <subfield code="a">In Tibetan, introd. in Russian.</subfield>
  </datafield>
  <datafield tag="630" ind1="0" ind2="0">
    <subfield code="a">Nyāyabiṇḍu.</subfield>
    <subfield code="l">Tibetan.</subfield>
  </datafield>
  <datafield tag="630" ind1="0" ind2="0">
    <subfield code="a">Nyayabiṇḍu-ṭīkā.</subfield>
    <subfield code="l">Tibetan.</subfield>
  </datafield>
  <datafield tag="700" ind1="1" ind2=" ">
    <subfield code="a">Shcherbatskoĭ, F. I.</subfield>
    <subfield code="q">(Fedor Ippolitovich),</subfield>
    <subfield code="d">1866-1942,</subfield>
    <subfield code="e">ed.</subfield>
  </datafield>
  <datafield tag="700" ind1="0" ind2="2">
    <subfield code="a">Dharmottara.</subfield>
    <subfield code="t">Nyāyabindu-tīka.</subfield>
  </datafield>
</record>