

<record xmlns="http://www.loc.gov/MARC21/slim"
xmlns:xsi="http://www.w3.org/2001/XMLSchema-instance"
xsi:schemaLocation="http://www.loc.gov/MARC21/slim
http://www.loc.gov/standards/marcxml/schema/MARC21slim.xsd">
  <leader>00881nam a2200193Mi 4500</leader>
  <controlfield tag="001">002922134-X</controlfield>
  <controlfield tag="005">20020606093309.7</controlfield>
  <controlfield tag="008">890819r19871834ii            000 0 tib d</controlfield>
  <datafield tag="035" ind1="0" ind2=" ">
    <subfield code="a">ocm20216692</subfield>
  </datafield>
  <datafield tag="040" ind1=" " ind2=" ">
    <subfield code="a">CDY</subfield>
    <subfield code="c">CDY</subfield>
    <subfield code="d">m.c.</subfield>
    <subfield code="d">HLS</subfield>
  </datafield>
  <datafield tag="041" ind1="0" ind2=" ">
    <subfield code="a">tibeng</subfield>
  </datafield>
  <datafield tag="100" ind1="2" ind2=" ">
    <subfield code="a">Kőrösi Csoma, Sándor,</subfield>
    <subfield code="d">1784-1842.</subfield>
  </datafield>
  <datafield tag="245" ind1="1" ind2="0">
    <subfield code="a">Essay towards a dictionary, Tibetan and English. Prepared, with the assistance of Bandʹe Sangs-rgyas Phun-tshogs, a learned Lʹama of Zangskʹar, by Alexander Csoma de Körös .. :</subfield>
    <subfield code="b">During a residence at Kanam, in the Hima̓laya Mountains, on the confines of India and Tibet. 1827-1830.</subfield>
  </datafield>
  <datafield tag="260" ind1=" " ind2=" ">
    <subfield code="a">Calcutta :</subfield>
    <subfield code="b">printed at the Baptist Mission Press, Circular Road,</subfield>
    <subfield code="c">1834.</subfield>
  </datafield>
  <datafield tag="300" ind1=" " ind2=" ">
    <subfield code="a">xxii, 351, [1] p. ;</subfield>
    <subfield code="c">4⁰.</subfield>
  </datafield>
  <datafield tag="500" ind1=" " ind2=" ">
    <subfield code="a">Reproduction of original in British Library, London.</subfield>
  </datafield>
</record>