

<record xmlns="http://www.loc.gov/MARC21/slim"
xmlns:xsi="http://www.w3.org/2001/XMLSchema-instance"
xsi:schemaLocation="http://www.loc.gov/MARC21/slim
http://www.loc.gov/standards/marcxml/schema/MARC21slim.xsd">
  <leader>01181nam a2200301Ia 4500</leader>
  <controlfield tag="001">002973150-X</controlfield>
  <controlfield tag="005">20020606093309.7</controlfield>
  <controlfield tag="008">860910s1982    it       b    000 0 ita d</controlfield>
  <datafield tag="035" ind1="0" ind2=" ">
    <subfield code="a">ocm14200189</subfield>
  </datafield>
  <datafield tag="040" ind1=" " ind2=" ">
    <subfield code="a">VA@</subfield>
    <subfield code="c">VA@</subfield>
    <subfield code="d">m/c</subfield>
    <subfield code="d">HLS</subfield>
  </datafield>
  <datafield tag="041" ind1="1" ind2=" ">
    <subfield code="a">itatib</subfield>
    <subfield code="h">tib</subfield>
  </datafield>
  <datafield tag="090" ind1=" " ind2=" ">
    <subfield code="a">BX1752</subfield>
    <subfield code="b">.D4916 1982</subfield>
  </datafield>
  <datafield tag="100" ind1="1" ind2=" ">
    <subfield code="a">Desideri, Ippolito,</subfield>
    <subfield code="d">1684-1733.</subfield>
  </datafield>
  <datafield tag="240" ind1="1" ind2="0">
    <subfield code="a">Sñiṅ-po.</subfield>
    <subfield code="l">Italian &amp; Tibetan</subfield>
  </datafield>
  <datafield tag="245" ind1="1" ind2="3">
    <subfield code="a">Lo sñiṅ-po =</subfield>
    <subfield code="b">Essenza della dottrina cristiana /</subfield>
    <subfield code="c">introduzione, traduzione e note di Giuseppe Toscano.</subfield>
  </datafield>
  <datafield tag="246" ind1="3" ind2="1">
    <subfield code="a">Essenza della dottrina cristiana</subfield>
  </datafield>
  <datafield tag="260" ind1=" " ind2=" ">
    <subfield code="a">Roma :</subfield>
    <subfield code="b">Istituto italiano per il Medio ed Estremo Oriente,</subfield>
    <subfield code="c">1982.</subfield>
  </datafield>
  <datafield tag="300" ind1=" " ind2=" ">
    <subfield code="a">293 p. ;</subfield>
    <subfield code="c">24 cm.</subfield>
  </datafield>
  <datafield tag="490" ind1="1" ind2=" ">
    <subfield code="a">Opere tibetane di Ippolito Desideri, S.J. ;</subfield>
    <subfield code="v">vol. 2</subfield>
  </datafield>
  <datafield tag="546" ind1=" " ind2=" ">
    <subfield code="a">Tibetan, with Italian translation and introduction.</subfield>
  </datafield>
  <datafield tag="504" ind1=" " ind2=" ">
    <subfield code="a">Includes bibliographical references (p. 11-12).</subfield>
  </datafield>
  <datafield tag="610" ind1="2" ind2="0">
    <subfield code="a">Catholic Church</subfield>
    <subfield code="x">Apologetic works</subfield>
    <subfield code="x">Early works to 1800.</subfield>
  </datafield>
  <datafield tag="610" ind1="2" ind2="0">
    <subfield code="a">Catholic Church</subfield>
    <subfield code="x">Doctrines</subfield>
    <subfield code="x">Early works to 1800.</subfield>
  </datafield>
  <datafield tag="700" ind1="1" ind2=" ">
    <subfield code="a">Toscano, Giuseppe M.</subfield>
  </datafield>
  <datafield tag="800" ind1="1" ind2=" ">
    <subfield code="a">Desideri, Ippolito,</subfield>
    <subfield code="d">1684-1733.</subfield>
    <subfield code="t">Works.</subfield>
    <subfield code="k">Selections.</subfield>
    <subfield code="l">Italian &amp; Tibetan.</subfield>
    <subfield code="f">1981 ;</subfield>
    <subfield code="v">v. 2.</subfield>
  </datafield>
</record>