

<record xmlns="http://www.loc.gov/MARC21/slim"
xmlns:xsi="http://www.w3.org/2001/XMLSchema-instance"
xsi:schemaLocation="http://www.loc.gov/MARC21/slim
http://www.loc.gov/standards/marcxml/schema/MARC21slim.xsd">
  <leader>00798nam a2200229K  4500</leader>
  <controlfield tag="001">003189948-X</controlfield>
  <controlfield tag="005">20020606093309.7</controlfield>
  <controlfield tag="008">930707m18991903xx            000 0 tib d</controlfield>
  <datafield tag="035" ind1="0" ind2=" ">
    <subfield code="a">ocm07082091</subfield>
  </datafield>
  <datafield tag="040" ind1=" " ind2=" ">
    <subfield code="a">HLS</subfield>
    <subfield code="c">HLS</subfield>
  </datafield>
  <datafield tag="100" ind1="1" ind2=" ">
    <subfield code="a">Francke, August Hermann,</subfield>
    <subfield code="d">1870-1930,</subfield>
    <subfield code="e">ed.</subfield>
  </datafield>
  <datafield tag="245" ind1="1" ind2="0">
    <subfield code="a">Ladakhi songs,</subfield>
    <subfield code="c">edited in co-operation with S. Ribbach and E. Shawe by H. Francke.</subfield>
  </datafield>
  <datafield tag="250" ind1=" " ind2=" ">
    <subfield code="a">1st series.</subfield>
  </datafield>
  <datafield tag="260" ind1=" " ind2=" ">
    <subfield code="a">[n.p.]</subfield>
    <subfield code="c">1899[-1903].</subfield>
  </datafield>
  <datafield tag="300" ind1=" " ind2=" ">
    <subfield code="a">pp. (2), 113 [117].</subfield>
  </datafield>
  <datafield tag="500" ind1=" " ind2=" ">
    <subfield code="a">Tibetan text. English translation.</subfield>
  </datafield>
  <datafield tag="500" ind1=" " ind2=" ">
    <subfield code="a">[Manuscript slip &quot;were originally&quot; inserted on first half of line 10, p. 4.]</subfield>
  </datafield>
  <datafield tag="690" ind1=" " ind2="9">
    <subfield code="a">Tibetan language</subfield>
    <subfield code="x">Dialects</subfield>
    <subfield code="x">Ladakhi.</subfield>
    <subfield code="5">wid</subfield>
  </datafield>
  <datafield tag="690" ind1=" " ind2="9">
    <subfield code="a">Tibetan language</subfield>
    <subfield code="x">Texts.</subfield>
    <subfield code="5">wid</subfield>
  </datafield>
  <datafield tag="700" ind1="1" ind2=" ">
    <subfield code="a">Ribbach, S.</subfield>
  </datafield>
</record>