

<record xmlns="http://www.loc.gov/MARC21/slim"
xmlns:xsi="http://www.w3.org/2001/XMLSchema-instance"
xsi:schemaLocation="http://www.loc.gov/MARC21/slim
http://www.loc.gov/standards/marcxml/schema/MARC21slim.xsd">
  <leader>00804cam a2200217I  4500</leader>
  <controlfield tag="001">003236631-0</controlfield>
  <controlfield tag="005">20020606093309.7</controlfield>
  <controlfield tag="008">790120m19301931xx            000 0 tib d</controlfield>
  <datafield tag="035" ind1="0" ind2=" ">
    <subfield code="a">ocm04567895</subfield>
  </datafield>
  <datafield tag="040" ind1=" " ind2=" ">
    <subfield code="a">CLE</subfield>
    <subfield code="c">CLE</subfield>
    <subfield code="d">OCL</subfield>
    <subfield code="d">HLS</subfield>
  </datafield>
  <datafield tag="130" ind1="0" ind2=" ">
    <subfield code="a">Bkah-hgyur.</subfield>
    <subfield code="k">Indexes.</subfield>
  </datafield>
  <datafield tag="245" ind1="1" ind2="2">
    <subfield code="a">A comparative analytical catalogue of the Kanjur division of the Tibetan Tripitaka,</subfield>
    <subfield code="c">ed. in Peking during the K&apos;ang-hsi era, and at present kept in the library of the Otani Daigaku, Kyoto.</subfield>
  </datafield>
  <datafield tag="260" ind1=" " ind2=" ">
    <subfield code="a">Kyoto, Japan,</subfield>
    <subfield code="b">Otani Daigaku library,</subfield>
    <subfield code="c">1930-31.</subfield>
  </datafield>
  <datafield tag="300" ind1=" " ind2=" ">
    <subfield code="a">[2] v.</subfield>
  </datafield>
  <datafield tag="490" ind1="0" ind2=" ">
    <subfield code="a">[Bibliotheca Otaniensis,</subfield>
    <subfield code="v">II. 1, 2]</subfield>
  </datafield>
  <datafield tag="500" ind1=" " ind2=" ">
    <subfield code="a">No more published.</subfield>
  </datafield>
  <datafield tag="500" ind1=" " ind2=" ">
    <subfield code="a">Chinese title at head of title-page.</subfield>
  </datafield>
  <datafield tag="710" ind1="2" ind2=" ">
    <subfield code="a">Ōtani Daigaku.</subfield>
  </datafield>
</record>