

<record xmlns="http://www.loc.gov/MARC21/slim"
xmlns:xsi="http://www.w3.org/2001/XMLSchema-instance"
xsi:schemaLocation="http://www.loc.gov/MARC21/slim
http://www.loc.gov/standards/marcxml/schema/MARC21slim.xsd">
  <leader>00974nam a2200265Ia 4500</leader>
  <controlfield tag="001">003620523-0</controlfield>
  <controlfield tag="005">20020606093309.7</controlfield>
  <controlfield tag="008">840313m19179999ru            000 0 tib d</controlfield>
  <datafield tag="035" ind1="0" ind2=" ">
    <subfield code="a">ocm10516891</subfield>
  </datafield>
  <datafield tag="040" ind1=" " ind2=" ">
    <subfield code="a">HUH</subfield>
    <subfield code="c">HUH</subfield>
    <subfield code="d">m/c</subfield>
    <subfield code="d">HLS</subfield>
  </datafield>
  <datafield tag="090" ind1=" " ind2=" ">
    <subfield code="a">BQ1011</subfield>
    <subfield code="b">.B52 no.20</subfield>
  </datafield>
  <datafield tag="100" ind1="0" ind2=" ">
    <subfield code="a">Vasubandhu.</subfield>
  </datafield>
  <datafield tag="245" ind1="1" ind2="0">
    <subfield code="a">Tibi︠e︡tskiǐ perevod Abhidharmakoçakārikāh i Abhidharmakoçabhāṣyam /</subfield>
    <subfield code="c">sochineniĭ Vasubandhu ; Izd. F. I. Shcherbatskoĭ.</subfield>
  </datafield>
  <datafield tag="260" ind1=" " ind2=" ">
    <subfield code="a">Leningrad :</subfield>
    <subfield code="b">Akademia Nauk SSSR,</subfield>
    <subfield code="c">1917-</subfield>
  </datafield>
  <datafield tag="300" ind1=" " ind2=" ">
    <subfield code="a">v. ;</subfield>
    <subfield code="c">23 cm.</subfield>
  </datafield>
  <datafield tag="440" ind1=" " ind2="0">
    <subfield code="a">Bibliotheca Buddhica ;</subfield>
    <subfield code="v">no. 20</subfield>
  </datafield>
  <datafield tag="500" ind1=" " ind2=" ">
    <subfield code="a">Text in Tibetan; preface in Russian.</subfield>
  </datafield>
  <datafield tag="600" ind1="0" ind2="0">
    <subfield code="a">Vasubandhu.</subfield>
    <subfield code="t">Abhidharmakośa.</subfield>
    <subfield code="l">Tibetan.</subfield>
  </datafield>
  <datafield tag="600" ind1="0" ind2="0">
    <subfield code="a">Vasubandhu.</subfield>
    <subfield code="t">Abhidharmakośa-bhāṣya.</subfield>
    <subfield code="l">Tibetan.</subfield>
  </datafield>
  <datafield tag="700" ind1="1" ind2=" ">
    <subfield code="a">Shcherbatskoĭ, F. I.</subfield>
    <subfield code="q">(Fedor Ippolitovich),</subfield>
    <subfield code="d">1866-1942.</subfield>
  </datafield>
</record>