

<record xmlns="http://www.loc.gov/MARC21/slim"
xmlns:xsi="http://www.w3.org/2001/XMLSchema-instance"
xsi:schemaLocation="http://www.loc.gov/MARC21/slim
http://www.loc.gov/standards/marcxml/schema/MARC21slim.xsd">
  <leader>01162cam a2200277Ia 4500</leader>
  <controlfield tag="001">003704799-X</controlfield>
  <controlfield tag="005">20020606093309.7</controlfield>
  <controlfield tag="008">830509s1963    ru            000 0 tib d</controlfield>
  <datafield tag="035" ind1="0" ind2=" ">
    <subfield code="a">ocm09491862</subfield>
  </datafield>
  <datafield tag="041" ind1="0" ind2=" ">
    <subfield code="a">tibrus</subfield>
  </datafield>
  <datafield tag="090" ind1=" " ind2=" ">
    <subfield code="a">PL3637</subfield>
    <subfield code="b">.U4</subfield>
  </datafield>
  <datafield tag="245" ind1="1" ind2="0">
    <subfield code="a">Kratkii tibetsko-russkiǐ slovarʹ :</subfield>
    <subfield code="b">21 000 slov /</subfield>
    <subfield code="c">sostavili, B.V. Semichov, I︠U︡.M. Parfionovich, B.D. Dandaron ; pod red. I︠U︡.M. Parfionovicha.</subfield>
  </datafield>
  <datafield tag="246" ind1="1" ind2="4">
    <subfield code="a">Tibetsko-russkiĭ slovar&apos;</subfield>
  </datafield>
  <datafield tag="260" ind1=" " ind2=" ">
    <subfield code="a">Moskva :</subfield>
    <subfield code="b">Gos. izd-vo inostrannykh i natsionalʹnykh slovareĭ,</subfield>
    <subfield code="c">1963.</subfield>
  </datafield>
  <datafield tag="300" ind1=" " ind2=" ">
    <subfield code="a">581 p. ;</subfield>
    <subfield code="c">22 cm.</subfield>
  </datafield>
  <datafield tag="500" ind1=" " ind2=" ">
    <subfield code="a">At head of title: Akademii︠a︡ nauk SSSR. Sibirskoe otdelenie. Buri︠a︡tskiĭ kompleksnyĭ nauchno-issledovatelʹskiĭ institut.</subfield>
  </datafield>
  <datafield tag="500" ind1=" " ind2=" ">
    <subfield code="a">Includes errata.</subfield>
  </datafield>
  <datafield tag="650" ind1=" " ind2="0">
    <subfield code="a">Tibetan language</subfield>
    <subfield code="v">Dictionaries</subfield>
    <subfield code="x">Russian.</subfield>
  </datafield>
  <datafield tag="700" ind1="1" ind2=" ">
    <subfield code="a">Parfionovich, I︠U︡riĭ Mikhaĭlovich.</subfield>
  </datafield>
  <datafield tag="700" ind1="1" ind2=" ">
    <subfield code="a">Semichov, B. V.</subfield>
    <subfield code="q">(Boris Vladimirovich),</subfield>
    <subfield code="d">1900-1981.</subfield>
  </datafield>
  <datafield tag="700" ind1="1" ind2=" ">
    <subfield code="a">Dandaron, B. D.</subfield>
    <subfield code="q">(Bidii︠a︡ Dandarovich)</subfield>
  </datafield>
  <datafield tag="710" ind1="2" ind2=" ">
    <subfield code="a">Buri︠a︡tskiĭ kompleksnyĭ nauchno-issledovatelʹskiĭ institut.</subfield>
  </datafield>
  <datafield tag="752" ind1=" " ind2=" ">
    <subfield code="a">Russia</subfield>
    <subfield code="d">Moscow.</subfield>
  </datafield>
</record>