

<record xmlns="http://www.loc.gov/MARC21/slim"
xmlns:xsi="http://www.w3.org/2001/XMLSchema-instance"
xsi:schemaLocation="http://www.loc.gov/MARC21/slim
http://www.loc.gov/standards/marcxml/schema/MARC21slim.xsd">
  <leader>00852nam a2200229K  4500</leader>
  <controlfield tag="001">003764008-9</controlfield>
  <controlfield tag="005">20020606095253.2</controlfield>
  <controlfield tag="008">931221s1970    au            000 0 tib d</controlfield>
  <datafield tag="035" ind1="0" ind2=" ">
    <subfield code="a">ocm80925949</subfield>
  </datafield>
  <datafield tag="040" ind1=" " ind2=" ">
    <subfield code="a">HLS</subfield>
    <subfield code="c">HLS</subfield>
  </datafield>
  <datafield tag="100" ind1="0" ind2=" ">
    <subfield code="a">Vasubandhu.</subfield>
  </datafield>
  <datafield tag="245" ind1="1" ind2="0">
    <subfield code="a">Abhidharmakoçakārikāh i Abhidharmakoçabhāṣyam /</subfield>
    <subfield code="c">sochinenii Vasubandhu ; tibetskii perevod ; izdal F.I. Shcherbatskoi.</subfield>
  </datafield>
  <datafield tag="260" ind1=" " ind2=" ">
    <subfield code="a">Osnabrück :</subfield>
    <subfield code="b">Biblio Verlag,</subfield>
    <subfield code="c">1970.</subfield>
  </datafield>
  <datafield tag="300" ind1=" " ind2=" ">
    <subfield code="a">v, 192 p. ;</subfield>
    <subfield code="c">24 cm.</subfield>
  </datafield>
  <datafield tag="440" ind1=" " ind2="0">
    <subfield code="a">Bibliotheca Buddhica ;</subfield>
    <subfield code="v">20</subfield>
  </datafield>
  <datafield tag="500" ind1=" " ind2=" ">
    <subfield code="a">Introductions in Russian, Tibetan text.</subfield>
  </datafield>
  <datafield tag="500" ind1=" " ind2=" ">
    <subfield code="a">Neudruck der Ausgabe 1930.</subfield>
  </datafield>
  <datafield tag="690" ind1=" " ind2="9">
    <subfield code="a">Buddha and Buddhism</subfield>
    <subfield code="x">Collected Buddhist writings.</subfield>
    <subfield code="5">wid</subfield>
  </datafield>
  <datafield tag="700" ind1="0" ind2=" ">
    <subfield code="a">Vasubandhu.</subfield>
    <subfield code="t">Abhidharmakoçabhāṣyam.</subfield>
  </datafield>
  <datafield tag="700" ind1="1" ind2=" ">
    <subfield code="a">Shcherbatskii, Fedor Ippolitovich,</subfield>
    <subfield code="d">1866-1942.</subfield>
  </datafield>
</record>