

<record xmlns="http://www.loc.gov/MARC21/slim"
xmlns:xsi="http://www.w3.org/2001/XMLSchema-instance"
xsi:schemaLocation="http://www.loc.gov/MARC21/slim
http://www.loc.gov/standards/marcxml/schema/MARC21slim.xsd">
  <leader>01399cam a2200361I  4500</leader>
  <controlfield tag="001">003932892-9</controlfield>
  <controlfield tag="005">20020606095253.2</controlfield>
  <controlfield tag="008">781215s1946    fr            000 0 tib c</controlfield>
  <datafield tag="010" ind1=" " ind2=" ">
    <subfield code="a">a  53002281</subfield>
  </datafield>
  <datafield tag="035" ind1="0" ind2=" ">
    <subfield code="a">ocm04455747</subfield>
  </datafield>
  <datafield tag="040" ind1=" " ind2=" ">
    <subfield code="a">Columbia Univ. Libraries</subfield>
    <subfield code="c">CLE</subfield>
    <subfield code="d">HLS</subfield>
  </datafield>
  <datafield tag="041" ind1="1" ind2=" ">
    <subfield code="a">tibfreeng</subfield>
  </datafield>
  <datafield tag="050" ind1=" " ind2=" ">
    <subfield code="a">DS1</subfield>
    <subfield code="b">.P35 t. 51</subfield>
  </datafield>
  <datafield tag="100" ind1="1" ind2=" ">
    <subfield code="a">Bacot, Jacques,</subfield>
    <subfield code="d">1877-1965,</subfield>
    <subfield code="e">ed. and tr.</subfield>
  </datafield>
  <datafield tag="245" ind1="1" ind2="0">
    <subfield code="a">Documents de Touen-houang relatifs à l&apos;histoire du Tibet</subfield>
    <subfield code="c">[par] J. Bacot, F. W. Thomas [et] Ch. Toussaint.</subfield>
  </datafield>
  <datafield tag="260" ind1=" " ind2=" ">
    <subfield code="a">Paris,</subfield>
    <subfield code="b">P. Geuthner,</subfield>
    <subfield code="c">1940 [i.e. 1946]</subfield>
  </datafield>
  <datafield tag="300" ind1=" " ind2=" ">
    <subfield code="a">204 p.</subfield>
    <subfield code="b">facsims.</subfield>
    <subfield code="c">25 cm.</subfield>
  </datafield>
  <datafield tag="440" ind1=" " ind2="0">
    <subfield code="a">Annales du Musée Guimet.</subfield>
    <subfield code="p">Bibliothèque d&apos;etudes ;</subfield>
    <subfield code="v">t. 51</subfield>
  </datafield>
  <datafield tag="500" ind1=" " ind2=" ">
    <subfield code="a">At head of title: Ministère de l&apos;éducation nationale et des beauxarts.</subfield>
  </datafield>
  <datafield tag="500" ind1=" " ind2=" ">
    <subfield code="a">In Tibetan, with translations in French or English.</subfield>
  </datafield>
  <datafield tag="500" ind1=" " ind2=" ">
    <subfield code="a">Errata slip inserted.</subfield>
  </datafield>
  <datafield tag="504" ind1=" " ind2=" ">
    <subfield code="a">Bibliographical footnotes.</subfield>
  </datafield>
  <datafield tag="651" ind1=" " ind2="0">
    <subfield code="a">Tibet Autonomous Region (China)</subfield>
    <subfield code="x">History</subfield>
    <subfield code="x">Sources.</subfield>
  </datafield>
  <datafield tag="700" ind1="1" ind2=" ">
    <subfield code="a">Thomas, Frederick William,</subfield>
    <subfield code="d">1867-1956.</subfield>
  </datafield>
  <datafield tag="700" ind1="1" ind2=" ">
    <subfield code="a">Toussaint, Gustave Charles.</subfield>
  </datafield>
</record>