

<record xmlns="http://www.loc.gov/MARC21/slim"
xmlns:xsi="http://www.w3.org/2001/XMLSchema-instance"
xsi:schemaLocation="http://www.loc.gov/MARC21/slim
http://www.loc.gov/standards/marcxml/schema/MARC21slim.xsd">
  <leader>01439nam a2200313Ii 4500</leader>
  <controlfield tag="001">004077284-5</controlfield>
  <controlfield tag="005">20090712175408.0</controlfield>
  <controlfield tag="008">790927s1964    ii            000 0 tibod</controlfield>
  <datafield tag="035" ind1="0" ind2=" ">
    <subfield code="a">ocm05431406</subfield>
  </datafield>
  <datafield tag="040" ind1=" " ind2=" ">
    <subfield code="a">IUL</subfield>
    <subfield code="c">IUL</subfield>
    <subfield code="d">HLS</subfield>
  </datafield>
  <datafield tag="043" ind1=" " ind2=" ">
    <subfield code="a">a-mp---</subfield>
  </datafield>
  <datafield tag="090" ind1=" " ind2=" ">
    <subfield code="a">BQ582</subfield>
    <subfield code="b">.B55 1964</subfield>
  </datafield>
  <datafield tag="100" ind1="0" ind2=" ">
    <subfield code="a">Blo-bzaṅ-rta-mgrin,</subfield>
    <subfield code="d">1867-1937.</subfield>
  </datafield>
  <datafield tag="245" ind1="1" ind2="4">
    <subfield code="a">The golden annals of Lamaism :</subfield>
    <subfield code="b">being the original Tibetan text of the Hor-chos-ḥbyuṅ of Blo-bzaṅ-rta-mgrin entitled ʾDzam gliṅ byaṅ phyogs chen po Hor gyi rgyal khams kyi rtogs pa brjod paʾi bstan bcos chen po dpyod ldan mgu byed no mtshar gser gyi reb ther /</subfield>
    <subfield code="c">edited by Lokesh Chandra.</subfield>
  </datafield>
  <datafield tag="246" ind1="3" ind2=" ">
    <subfield code="a">ʾDzam gliṅ byaṅ phyogs chen po Hor gyi rgyal khams kyi rtogs pa brjod paʾi bstan bcos chen po dpyod ldan mgu byed ṅo mtshar gser gyi reb ther.</subfield>
  </datafield>
  <datafield tag="260" ind1=" " ind2=" ">
    <subfield code="a">New Delhi :</subfield>
    <subfield code="b">International Academy of Indian Culture,</subfield>
    <subfield code="c">1964.</subfield>
  </datafield>
  <datafield tag="300" ind1=" " ind2=" ">
    <subfield code="a">[vii p., 160 leaves] ;</subfield>
    <subfield code="c">29 cm.</subfield>
  </datafield>
  <datafield tag="490" ind1="1" ind2=" ">
    <subfield code="a">Śata-pitaka series ;</subfield>
    <subfield code="v">v. 34</subfield>
  </datafield>
  <datafield tag="500" ind1=" " ind2=" ">
    <subfield code="a">In Tibetan.</subfield>
  </datafield>
  <datafield tag="500" ind1=" " ind2=" ">
    <subfield code="a">&quot;Byaṅ phyogs Hor gyi yul du dam paʾi chos rin po che ʾbyuṅ tshul gyi gtam rgyud bkra śis chos duṅ bźad paʾi sgra dbyaṅs&quot;: l. 1-8.</subfield>
  </datafield>
  <datafield tag="650" ind1=" " ind2="0">
    <subfield code="a">Buddhism</subfield>
    <subfield code="z">Mongolia</subfield>
    <subfield code="x">History.</subfield>
  </datafield>
  <datafield tag="650" ind1=" " ind2="0">
    <subfield code="a">Tibetan language</subfield>
    <subfield code="v">Texts.</subfield>
  </datafield>
  <datafield tag="651" ind1=" " ind2="0">
    <subfield code="a">Mongolia</subfield>
    <subfield code="x">History.</subfield>
  </datafield>
  <datafield tag="700" ind1="0" ind2=" ">
    <subfield code="a">Lokesh Chandra.</subfield>
  </datafield>
  <datafield tag="830" ind1=" " ind2="0">
    <subfield code="a">Śata-piṭaka series ;</subfield>
    <subfield code="v">v. 34.</subfield>
  </datafield>
</record>