

<record xmlns="http://www.loc.gov/MARC21/slim"
xmlns:xsi="http://www.w3.org/2001/XMLSchema-instance"
xsi:schemaLocation="http://www.loc.gov/MARC21/slim
http://www.loc.gov/standards/marcxml/schema/MARC21slim.xsd">
  <leader>     cam a2200397 a 4500</leader>
  <controlfield tag="001">004201102-7</controlfield>
  <controlfield tag="005">20081205112700.0</controlfield>
  <controlfield tag="008">020603m19841997cc a     bc   000 0 tiboc</controlfield>
  <datafield tag="035" ind1="0" ind2=" ">
    <subfield code="a">ocm49908416</subfield>
  </datafield>
  <datafield tag="040" ind1=" " ind2=" ">
    <subfield code="a">IUL</subfield>
    <subfield code="c">IUL</subfield>
    <subfield code="d">OCLCQ</subfield>
    <subfield code="d">HMY</subfield>
  </datafield>
  <datafield tag="042" ind1=" " ind2=" ">
    <subfield code="a">pcc</subfield>
  </datafield>
  <datafield tag="043" ind1=" " ind2=" ">
    <subfield code="a">a-cc-ti</subfield>
  </datafield>
  <datafield tag="090" ind1=" " ind2=" ">
    <subfield code="a">DS786</subfield>
    <subfield code="b">.B625 1984</subfield>
  </datafield>
  <datafield tag="245" ind1="0" ind2="0">
    <subfield code="a">Bod Gaṅs-can gyi grub mthaʼ ris med kyi mkhas dbaṅ brgya daṅ brgyad cu lhag gi gsuṅ ʼbum so soʼi dkar chag phyogs gcig tu bsgrigs pa Śes byaʼi gter mdzod ces bya ba bźugs so /</subfield>
    <subfield code="c">Mi-rigs Dpe-mdzod-khaṅ gis bsgrigs.</subfield>
  </datafield>
  <datafield tag="246" ind1="1" ind2="5">
    <subfield code="6">880-01</subfield>
    <subfield code="a">Zang wen dian ji mu lu</subfield>
  </datafield>
  <datafield tag="246" ind1="1" ind2="4">
    <subfield code="a">Mi-rigs Dpe-mdzod-khaṅ gi dpe tho las, Gsuṅ ʼbum skor gyi dkar chag Śes byaʼi gter mdzod</subfield>
  </datafield>
  <datafield tag="246" ind1="3" ind2="0">
    <subfield code="a">Gsuṅ ʼbum gyi dkar chag Śes byaʼi gter mdzod</subfield>
  </datafield>
  <datafield tag="246" ind1="3" ind2="0">
    <subfield code="a">Śes byaʼi gter mdzod</subfield>
  </datafield>
  <datafield tag="250" ind1=" " ind2=" ">
    <subfield code="a">1. dpar theṅs.</subfield>
  </datafield>
  <datafield tag="260" ind1=" " ind2=" ">
    <subfield code="a">[Chengdu] :</subfield>
    <subfield code="b">Si-khron Mi-rigs Dpe-skrun-khaṅ = Sichuan min zu chu ban she,</subfield>
    <subfield code="c">[1984-1997]</subfield>
  </datafield>
  <datafield tag="300" ind1=" " ind2=" ">
    <subfield code="a">3 v. :</subfield>
    <subfield code="b">ill. ;</subfield>
    <subfield code="c">27 cm.</subfield>
  </datafield>
  <datafield tag="500" ind1=" " ind2=" ">
    <subfield code="a">Tibetan and Chinese.</subfield>
  </datafield>
  <datafield tag="500" ind1=" " ind2=" ">
    <subfield code="6">880-02</subfield>
    <subfield code="a">Vol. 3 published in Beijing by Mi-rigs Dpe-skrun-khaṅ.</subfield>
  </datafield>
  <datafield tag="650" ind1=" " ind2="0">
    <subfield code="a">Tibetan literature</subfield>
    <subfield code="v">Bibliography</subfield>
    <subfield code="v">Catalogs.</subfield>
  </datafield>
  <datafield tag="650" ind1=" " ind2="0">
    <subfield code="a">Buddhist literature, Tibetan</subfield>
    <subfield code="v">Bibliography</subfield>
    <subfield code="v">Catalogs.</subfield>
  </datafield>
  <datafield tag="610" ind1="2" ind2="0">
    <subfield code="6">880-03</subfield>
    <subfield code="a">Min zu tu shu guan (China)</subfield>
    <subfield code="v">Catalogs.</subfield>
  </datafield>
  <datafield tag="650" ind1=" " ind2="0">
    <subfield code="a">Tibetan language</subfield>
    <subfield code="v">Texts.</subfield>
  </datafield>
  <datafield tag="710" ind1="2" ind2=" ">
    <subfield code="6">880-04</subfield>
    <subfield code="a">Min zu tu shu guan (China)</subfield>
  </datafield>
  <datafield tag="880" ind1="1" ind2="5">
    <subfield code="6">246-01</subfield>
    <subfield code="a">藏文典籍目录</subfield>
  </datafield>
  <datafield tag="880" ind1=" " ind2=" ">
    <subfield code="6">500-02</subfield>
    <subfield code="a">Vol. 3 published in 北京 by Mi-rigs Dpe-skrun-khaṅ.</subfield>
  </datafield>
  <datafield tag="880" ind1="2" ind2="4">
    <subfield code="6">610-03</subfield>
    <subfield code="a">民族图书馆 (China)</subfield>
    <subfield code="v">Catalogs.</subfield>
  </datafield>
  <datafield tag="880" ind1="2" ind2=" ">
    <subfield code="6">710-04</subfield>
    <subfield code="a">民族图书馆 (China)</subfield>
  </datafield>
  <datafield tag="049" ind1=" " ind2=" ">
    <subfield code="a">[Ref]HMYC</subfield>
    <subfield code="o">d</subfield>
  </datafield>
</record>