

<record xmlns="http://www.loc.gov/MARC21/slim"
xmlns:xsi="http://www.w3.org/2001/XMLSchema-instance"
xsi:schemaLocation="http://www.loc.gov/MARC21/slim
http://www.loc.gov/standards/marcxml/schema/MARC21slim.xsd">
  <leader>00815nam a2200241K  4500</leader>
  <controlfield tag="001">004359128-0</controlfield>
  <controlfield tag="005">20020606095253.2</controlfield>
  <controlfield tag="008">940602m19149999ii      a     000 0 tib d</controlfield>
  <datafield tag="035" ind1="0" ind2=" ">
    <subfield code="a">ocn238849072</subfield>
  </datafield>
  <datafield tag="040" ind1=" " ind2=" ">
    <subfield code="a">HLS</subfield>
    <subfield code="c">HLS</subfield>
  </datafield>
  <datafield tag="100" ind1="0" ind2=" ">
    <subfield code="a">Bhāvaviveka.</subfield>
  </datafield>
  <datafield tag="245" ind1="1" ind2="0">
    <subfield code="a">Prajñā-pradīpaḥ,</subfield>
    <subfield code="b">a commentary on the Madhyamaka Sūtra.</subfield>
    <subfield code="c">Edited by M.Walleser.</subfield>
  </datafield>
  <datafield tag="260" ind1=" " ind2=" ">
    <subfield code="a">Calcutta,</subfield>
    <subfield code="b">Asiatic Society,</subfield>
    <subfield code="c">1914-</subfield>
  </datafield>
  <datafield tag="300" ind1=" " ind2=" ">
    <subfield code="a">fasc. 1.</subfield>
  </datafield>
  <datafield tag="490" ind1="1" ind2=" ">
    <subfield code="a">Bibliotheca indica [work 226] n.s.1396</subfield>
  </datafield>
  <datafield tag="500" ind1=" " ind2=" ">
    <subfield code="a">Tibetan text.</subfield>
  </datafield>
  <datafield tag="600" ind1="1" ind2="0">
    <subfield code="a">Nāgārjuna,</subfield>
    <subfield code="d">active 2nd century.</subfield>
    <subfield code="t">Madhyamikasūtra.</subfield>
  </datafield>
  <datafield tag="690" ind1=" " ind2="9">
    <subfield code="a">Tibetan language</subfield>
    <subfield code="x">Texts.</subfield>
    <subfield code="5">mic</subfield>
  </datafield>
  <datafield tag="690" ind1=" " ind2="9">
    <subfield code="a">Tibetan language</subfield>
    <subfield code="x">Texts.</subfield>
    <subfield code="5">mmf</subfield>
  </datafield>
  <datafield tag="830" ind1=" " ind2="0">
    <subfield code="a">Bibliotheca Indica ;</subfield>
    <subfield code="v">work no.226.</subfield>
  </datafield>
</record>