

<record xmlns="http://www.loc.gov/MARC21/slim"
xmlns:xsi="http://www.w3.org/2001/XMLSchema-instance"
xsi:schemaLocation="http://www.loc.gov/MARC21/slim
http://www.loc.gov/standards/marcxml/schema/MARC21slim.xsd">
  <leader>01708cjm a2200373 a 4500</leader>
  <controlfield tag="001">004416030-5</controlfield>
  <controlfield tag="005">20020606095253.2</controlfield>
  <controlfield tag="008">940817q19901993nyucb    dgi     0  tib d</controlfield>
  <datafield tag="028" ind1="0" ind2="2">
    <subfield code="a">LYRCD 7256</subfield>
    <subfield code="b">Lyrichord</subfield>
  </datafield>
  <datafield tag="033" ind1="0" ind2=" ">
    <subfield code="a">1971----</subfield>
    <subfield code="b">7890</subfield>
  </datafield>
  <datafield tag="035" ind1="0" ind2=" ">
    <subfield code="a">ocm30584477</subfield>
  </datafield>
  <datafield tag="035" ind1="1" ind2=" ">
    <subfield code="a">MAHS94R1084</subfield>
  </datafield>
  <datafield tag="035" ind1="1" ind2=" ">
    <subfield code="z">NYUG94R1178</subfield>
  </datafield>
  <datafield tag="040" ind1=" " ind2=" ">
    <subfield code="a">NjP</subfield>
    <subfield code="c">NjP</subfield>
    <subfield code="d">MH-Mu</subfield>
  </datafield>
  <datafield tag="041" ind1="0" ind2=" ">
    <subfield code="d">tib</subfield>
    <subfield code="e">eng</subfield>
    <subfield code="h">tib</subfield>
    <subfield code="g">eng</subfield>
  </datafield>
  <datafield tag="043" ind1=" " ind2=" ">
    <subfield code="a">a-bt---</subfield>
    <subfield code="a">a-cc-ti</subfield>
  </datafield>
  <datafield tag="245" ind1="0" ind2="0">
    <subfield code="a">Sacred dances &amp; rituals of the Nyingmapa &amp; Drukpa orders</subfield>
    <subfield code="h">[sound recording]</subfield>
  </datafield>
  <datafield tag="246" ind1="3" ind2=" ">
    <subfield code="a">Sacred dances and rituals of the Nyingmapa and Drukpa orders.</subfield>
  </datafield>
  <datafield tag="260" ind1=" " ind2=" ">
    <subfield code="a">New York, N.Y. :</subfield>
    <subfield code="b">Lyrichord,</subfield>
    <subfield code="c">[199-?]</subfield>
  </datafield>
  <datafield tag="300" ind1=" " ind2=" ">
    <subfield code="a">1 sound disc :</subfield>
    <subfield code="b">digital ;</subfield>
    <subfield code="c">4 3/4 in.</subfield>
  </datafield>
  <datafield tag="440" ind1=" " ind2="0">
    <subfield code="a">Tibetan Buddhist rites from the monasteries of Bhutan ;</subfield>
    <subfield code="v">vol. 2</subfield>
  </datafield>
  <datafield tag="500" ind1=" " ind2=" ">
    <subfield code="a">Title from container.</subfield>
  </datafield>
  <datafield tag="500" ind1=" " ind2=" ">
    <subfield code="a">Descriptive notes and English translations of texts by John Levy (1 folded leaf, ill., map, music) in container.</subfield>
  </datafield>
  <datafield tag="505" ind1="0" ind2=" ">
    <subfield code="a">Peling shachham = Deer dance (2:51) -- Dramitse ngachlam = The drum dance of Dramitse (3:46) -- Lama Norbu Gyamtsho = Jewel Ocean guru (16:47) -- Lama kusum = Entraty to the three Buddha-bodies (6:32) -- Chendren = Invitation (6:25) -- Zheng shik Pema = Rise up, Padmasambhava (4:54) -- Mon tshik = Words of prayer (2:43) -- Bo go gyaling : Tibetan shawms (2:15).</subfield>
  </datafield>
  <datafield tag="518" ind1=" " ind2=" ">
    <subfield code="a">Field recordings made by John Levy of monks at Nyimalung and Tongsa, Bhutan in 1971.</subfield>
  </datafield>
  <datafield tag="650" ind1=" " ind2="0">
    <subfield code="a">Buddhist chants.</subfield>
  </datafield>
  <datafield tag="650" ind1=" " ind2="0">
    <subfield code="a">Buddhist music</subfield>
    <subfield code="z">Bhutan.</subfield>
  </datafield>
  <datafield tag="650" ind1=" " ind2="0">
    <subfield code="a">ʾBrug-pa (Sect)</subfield>
    <subfield code="x">Rituals.</subfield>
  </datafield>
  <datafield tag="650" ind1=" " ind2="0">
    <subfield code="a">Rñiṅ-ma-pa (Sect)</subfield>
    <subfield code="x">Rituals.</subfield>
  </datafield>
  <datafield tag="650" ind1=" " ind2="0">
    <subfield code="a">Tibetans</subfield>
    <subfield code="z">Bhutan</subfield>
    <subfield code="v">Music.</subfield>
  </datafield>
  <datafield tag="650" ind1=" " ind2="0">
    <subfield code="a">Music</subfield>
    <subfield code="z">Bhutan.</subfield>
  </datafield>
  <datafield tag="691" ind1=" " ind2="9">
    <subfield code="a">Bhutan</subfield>
    <subfield code="x">Music.</subfield>
    <subfield code="5">mus</subfield>
  </datafield>
  <datafield tag="700" ind1="1" ind2=" ">
    <subfield code="a">Levy, John.</subfield>
  </datafield>
</record>