

<record xmlns="http://www.loc.gov/MARC21/slim"
xmlns:xsi="http://www.w3.org/2001/XMLSchema-instance"
xsi:schemaLocation="http://www.loc.gov/MARC21/slim
http://www.loc.gov/standards/marcxml/schema/MARC21slim.xsd">
  <leader>00959cam a2200265Ia 4500</leader>
  <controlfield tag="001">004498265-8</controlfield>
  <controlfield tag="005">20090712184029.0</controlfield>
  <controlfield tag="008">930423s1987    cc       d    000 0 tibod</controlfield>
  <datafield tag="035" ind1="0" ind2=" ">
    <subfield code="a">ocm27972534</subfield>
  </datafield>
  <datafield tag="040" ind1=" " ind2=" ">
    <subfield code="a">IUL</subfield>
    <subfield code="c">IUL</subfield>
    <subfield code="d">HMY</subfield>
  </datafield>
  <datafield tag="041" ind1="0" ind2=" ">
    <subfield code="a">tibchi</subfield>
  </datafield>
  <datafield tag="090" ind1=" " ind2=" ">
    <subfield code="a">BC25</subfield>
    <subfield code="b">.B63 1987</subfield>
  </datafield>
  <datafield tag="245" ind1="0" ind2="0">
    <subfield code="a">Bod Rgya tshad ma rig paʾi tshig mdzod =</subfield>
    <subfield code="b">Tsang Han lo chi hsüeh tzʻu tien /</subfield>
    <subfield code="c">&quot;Tsang Han ta tzʻu tien&quot; pien hsieh tsu ; [tse jen pien chi Tʻang Chʻih-an, Yang-chʻing-na-mu].</subfield>
  </datafield>
  <datafield tag="246" ind1="3" ind2=" ">
    <subfield code="a">Tsang Han lo chi hsüeh tzʻu tien.</subfield>
  </datafield>
  <datafield tag="260" ind1=" " ind2=" ">
    <subfield code="a">Chʾeng-tu :</subfield>
    <subfield code="b">Si-khron Mi-rigs Dpe-skrun-khaṅ,</subfield>
    <subfield code="c">1987.</subfield>
  </datafield>
  <datafield tag="300" ind1=" " ind2=" ">
    <subfield code="a">2, 2, 340 p. ;</subfield>
    <subfield code="c">19 cm.</subfield>
  </datafield>
  <datafield tag="500" ind1=" " ind2=" ">
    <subfield code="a">Entries in Tibetan, with definitions also in Chinese.</subfield>
  </datafield>
  <datafield tag="650" ind1=" " ind2="0">
    <subfield code="a">Tibetan language</subfield>
    <subfield code="v">Texts.</subfield>
  </datafield>
  <datafield tag="650" ind1=" " ind2="0">
    <subfield code="a">Buddhist logic</subfield>
    <subfield code="x">Dictionaries</subfield>
    <subfield code="x">Tibetan.</subfield>
  </datafield>
  <datafield tag="710" ind1="2" ind2=" ">
    <subfield code="a">&quot;Zang Han da ci dian&quot; bian xie zu.</subfield>
  </datafield>
  <datafield tag="700" ind1="1" ind2=" ">
    <subfield code="a">Tʻang Chʻih-an.</subfield>
  </datafield>
  <datafield tag="700" ind1="1" ind2=" ">
    <subfield code="a">Yang-chʻing-na-mu.</subfield>
  </datafield>
</record>