

<record xmlns="http://www.loc.gov/MARC21/slim"
xmlns:xsi="http://www.w3.org/2001/XMLSchema-instance"
xsi:schemaLocation="http://www.loc.gov/MARC21/slim
http://www.loc.gov/standards/marcxml/schema/MARC21slim.xsd">
  <leader>01548njm a2200337 a 4500</leader>
  <controlfield tag="001">004624840-4</controlfield>
  <controlfield tag="005">20020606095253.2</controlfield>
  <controlfield tag="008">940719s1994    nz zz    fgik       tib d</controlfield>
  <datafield tag="028" ind1="0" ind2="2">
    <subfield code="a">CD VOY 1466</subfield>
    <subfield code="b">Voyager</subfield>
  </datafield>
  <datafield tag="033" ind1="0" ind2="0">
    <subfield code="a">199212--</subfield>
    <subfield code="b">7654</subfield>
    <subfield code="c">D49</subfield>
  </datafield>
  <datafield tag="035" ind1="0" ind2=" ">
    <subfield code="a">ocm30943431</subfield>
  </datafield>
  <datafield tag="035" ind1="1" ind2=" ">
    <subfield code="a">MAHS94R1014</subfield>
  </datafield>
  <datafield tag="035" ind1="1" ind2=" ">
    <subfield code="z">NJPG94R912</subfield>
  </datafield>
  <datafield tag="040" ind1=" " ind2=" ">
    <subfield code="a">NjP</subfield>
    <subfield code="c">NjP</subfield>
    <subfield code="d">MH-Mu</subfield>
  </datafield>
  <datafield tag="043" ind1=" " ind2=" ">
    <subfield code="a">a-cc-ti</subfield>
  </datafield>
  <datafield tag="245" ind1="0" ind2="0">
    <subfield code="a">Nangma ; Toshey</subfield>
    <subfield code="h">[sound recording] :</subfield>
    <subfield code="b">classical music of Tibet.</subfield>
  </datafield>
  <datafield tag="260" ind1=" " ind2=" ">
    <subfield code="a">Auckland, N.Z. :</subfield>
    <subfield code="b">Voyager :</subfield>
    <subfield code="b">manufactured and distributed by Ode Record Company,</subfield>
    <subfield code="c">p1994.</subfield>
  </datafield>
  <datafield tag="300" ind1=" " ind2=" ">
    <subfield code="a">1 sound disc :</subfield>
    <subfield code="b">digital ;</subfield>
    <subfield code="c">4 3/4 in.</subfield>
  </datafield>
  <datafield tag="500" ind1=" " ind2=" ">
    <subfield code="a">Classical Tibetan music, including the lighter genres nangma and toshey, and lhamo opera.</subfield>
  </datafield>
  <datafield tag="500" ind1=" " ind2=" ">
    <subfield code="a">Booklet ([10]p., ill.) containing historical, ethnographic, and technical notes, in container.</subfield>
  </datafield>
  <datafield tag="505" ind1="0" ind2=" ">
    <subfield code="a">Nangma. Dawai shonu (4:31) ; Sharlung dak (4:37) ; Khampa lhamo (4:55) ; Sukze lak (5:17) ; Ajo dhe (4:50) ; Gyala se (4:41) ; Jolak tashi (4:07) -- Toshey. Tala shipa (4:16) ; Kyi painiyma (4:47) ; Gyakar shar (3:38) ; Abtul rahman (4:09) ; Ama leho (3:17).</subfield>
  </datafield>
  <datafield tag="511" ind1="0" ind2=" ">
    <subfield code="a">Members of the Tibetan Institute of Performing Arts.</subfield>
  </datafield>
  <datafield tag="518" ind1=" " ind2=" ">
    <subfield code="a">Recorded by Korey Ireland at the Tibetan Institute of Performing Arts, Dharamsala, India, Dec. 1992.</subfield>
  </datafield>
  <datafield tag="650" ind1=" " ind2="0">
    <subfield code="a">Tibetans</subfield>
    <subfield code="z">India</subfield>
    <subfield code="v">Music.</subfield>
  </datafield>
  <datafield tag="650" ind1=" " ind2="0">
    <subfield code="a">Music</subfield>
    <subfield code="z">China</subfield>
    <subfield code="z">Tibet Autonomous Region.</subfield>
  </datafield>
  <datafield tag="691" ind1=" " ind2="4">
    <subfield code="a">Tibet (China)</subfield>
    <subfield code="x">Music.</subfield>
    <subfield code="5">mus</subfield>
  </datafield>
  <datafield tag="653" ind1=" " ind2=" ">
    <subfield code="a">Nangma.</subfield>
  </datafield>
  <datafield tag="653" ind1=" " ind2=" ">
    <subfield code="a">Toshey.</subfield>
  </datafield>
  <datafield tag="653" ind1=" " ind2=" ">
    <subfield code="a">Lhamo.</subfield>
  </datafield>
  <datafield tag="710" ind1="2" ind2=" ">
    <subfield code="a">Tibetan Institute for Performing Arts (Dharmsāla, India)</subfield>
  </datafield>
</record>