

<record xmlns="http://www.loc.gov/MARC21/slim"
xmlns:xsi="http://www.w3.org/2001/XMLSchema-instance"
xsi:schemaLocation="http://www.loc.gov/MARC21/slim
http://www.loc.gov/standards/marcxml/schema/MARC21slim.xsd">
  <leader>01436njm a2200313 a 4500</leader>
  <controlfield tag="001">005417645-X</controlfield>
  <controlfield tag="005">20020606163548.3</controlfield>
  <controlfield tag="008">970205s1989    fr zz    ghk     0  tib d</controlfield>
  <datafield tag="028" ind1="0" ind2="2">
    <subfield code="b">Ocora/Radio France</subfield>
    <subfield code="a">C 559011</subfield>
  </datafield>
  <datafield tag="033" ind1="2" ind2=" ">
    <subfield code="a">197104--</subfield>
    <subfield code="a">197106--</subfield>
    <subfield code="b">7760</subfield>
  </datafield>
  <datafield tag="035" ind1="0" ind2=" ">
    <subfield code="a">ocm36572619</subfield>
  </datafield>
  <datafield tag="035" ind1="1" ind2=" ">
    <subfield code="a">MAHS97R154</subfield>
  </datafield>
  <datafield tag="035" ind1="1" ind2=" ">
    <subfield code="z">RIBG93R1469</subfield>
  </datafield>
  <datafield tag="040" ind1=" " ind2=" ">
    <subfield code="a">CU</subfield>
    <subfield code="c">CU</subfield>
    <subfield code="d">NNU</subfield>
    <subfield code="d">RPB</subfield>
    <subfield code="d">MH-Mu</subfield>
  </datafield>
  <datafield tag="041" ind1="0" ind2=" ">
    <subfield code="d">tib</subfield>
    <subfield code="g">freeng</subfield>
    <subfield code="h">fre</subfield>
  </datafield>
  <datafield tag="043" ind1=" " ind2=" ">
    <subfield code="a">a-cc-ti</subfield>
  </datafield>
  <datafield tag="245" ind1="0" ind2="0">
    <subfield code="a">Musiques sacrées</subfield>
    <subfield code="h">sound recording.</subfield>
  </datafield>
  <datafield tag="260" ind1=" " ind2=" ">
    <subfield code="a">France :</subfield>
    <subfield code="b">Ocora : Distribution, Harmonia Mundi,</subfield>
    <subfield code="c">p1989.</subfield>
  </datafield>
  <datafield tag="300" ind1=" " ind2=" ">
    <subfield code="a">1 sound disc :</subfield>
    <subfield code="b">digital, stereo. ;</subfield>
    <subfield code="c">4 3/4 in.</subfield>
  </datafield>
  <datafield tag="500" ind1=" " ind2=" ">
    <subfield code="a">Previously released on two LP&apos;s in 1971, Ocora OCR 49 and OCR 71.</subfield>
  </datafield>
  <datafield tag="518" ind1=" " ind2=" ">
    <subfield code="a">Recorded by Georges Luneau, April-June 1971 at monasteries in Nepal.</subfield>
  </datafield>
  <datafield tag="500" ind1=" " ind2=" ">
    <subfield code="a">Technical, historical, and ethnographic notes in French and English by Georges Luneau (16 p.), in container.</subfield>
  </datafield>
  <datafield tag="505" ind1="0" ind2=" ">
    <subfield code="a">Cérémonie d&apos;offrande (18:37) -- Appel de Conques (2:07) -- Moulin à prières (1:42) -- Cérémonie de prosternation (3:31) -- Cérémonie de bénédiction (7:34) -- Mani-Rimdu: Cérémonie de bienvenue (8:09) -- Mani-Rimdu: Procession et &quot;rol&apos;-cham&quot; (10:00) -- Rituel en l&apos;honneur de la Vénérable Yoghini de Diamant (14:03).</subfield>
  </datafield>
  <datafield tag="650" ind1=" " ind2="0">
    <subfield code="a">Buddhist music</subfield>
    <subfield code="z">China</subfield>
    <subfield code="z">Tibet Autonomous Region.</subfield>
  </datafield>
  <datafield tag="650" ind1=" " ind2="0">
    <subfield code="a">Buddhist chants.</subfield>
  </datafield>
  <datafield tag="650" ind1=" " ind2="0">
    <subfield code="a">Rites and ceremonies</subfield>
    <subfield code="z">China</subfield>
    <subfield code="z">Tibet Autonomous Region.</subfield>
  </datafield>
  <datafield tag="650" ind1=" " ind2="0">
    <subfield code="a">Music</subfield>
    <subfield code="z">China</subfield>
    <subfield code="z">Tibet Autonomous Region.</subfield>
  </datafield>
</record>