

<record xmlns="http://www.loc.gov/MARC21/slim"
xmlns:xsi="http://www.w3.org/2001/XMLSchema-instance"
xsi:schemaLocation="http://www.loc.gov/MARC21/slim
http://www.loc.gov/standards/marcxml/schema/MARC21slim.xsd">
  <leader>02053cam a2200433Ii 4500</leader>
  <controlfield tag="001">005443578-1</controlfield>
  <controlfield tag="005">20090712204852.0</controlfield>
  <controlfield tag="008">800930s1971    ii a          000 0 tibod</controlfield>
  <datafield tag="010" ind1=" " ind2=" ">
    <subfield code="a">   71923598</subfield>
  </datafield>
  <datafield tag="016" ind1="7" ind2=" ">
    <subfield code="a">0312630</subfield>
    <subfield code="2">DNLM</subfield>
  </datafield>
  <datafield tag="020" ind1=" " ind2=" ">
    <subfield code="c">Rs40.00</subfield>
  </datafield>
  <datafield tag="020" ind1=" " ind2=" ">
    <subfield code="c">Rs40.00</subfield>
  </datafield>
  <datafield tag="035" ind1="0" ind2=" ">
    <subfield code="a">ocm06771079</subfield>
  </datafield>
  <datafield tag="035" ind1="0" ind2=" ">
    <subfield code="a">ocm06771079</subfield>
    <subfield code="z">ocm30923082</subfield>
  </datafield>
  <datafield tag="040" ind1=" " ind2=" ">
    <subfield code="a">IUL</subfield>
    <subfield code="c">IUL</subfield>
    <subfield code="d">NLM</subfield>
    <subfield code="d">HLS</subfield>
  </datafield>
  <datafield tag="043" ind1=" " ind2=" ">
    <subfield code="a">a-cc-ti</subfield>
  </datafield>
  <datafield tag="090" ind1=" " ind2=" ">
    <subfield code="a">R644.T5</subfield>
    <subfield code="b">J28 1971</subfield>
  </datafield>
  <datafield tag="100" ind1="0" ind2=" ">
    <subfield code="a">ʼJam-dpal-rdo-rje.</subfield>
  </datafield>
  <datafield tag="245" ind1="1" ind2="3">
    <subfield code="a">An illustrated Tibeto-Mongolian materia medica of Ayurveda of ʼJam-dpal-rdo-rje of Mongolia /</subfield>
    <subfield code="c">edited by Lokesh Chandra from the collection of Z. D. Gomboev ; with a foreword by E. Gene Smith.</subfield>
  </datafield>
  <datafield tag="246" ind1="3" ind2=" ">
    <subfield code="a">Gso byed bdud rtsiʼi ʼkhrul med ṅos ʼdzin bzo rig me loṅ du rnam par śar pa mdzes mtshar mig rgyan.</subfield>
  </datafield>
  <datafield tag="246" ind1="3" ind2=" ">
    <subfield code="a">Dri med śel phreṅ.</subfield>
  </datafield>
  <datafield tag="260" ind1=" " ind2=" ">
    <subfield code="a">New Delhi :</subfield>
    <subfield code="b">International Academy of Indian Culture,</subfield>
    <subfield code="c">1971.</subfield>
  </datafield>
  <datafield tag="300" ind1=" " ind2=" ">
    <subfield code="a">[98], 24 p. :</subfield>
    <subfield code="b">ill. ;</subfield>
    <subfield code="c">28 x 38 cm.</subfield>
  </datafield>
  <datafield tag="490" ind1="1" ind2=" ">
    <subfield code="a">Śata-piṭaka series ; Indo-Asian literatures ;</subfield>
    <subfield code="v">v.82</subfield>
  </datafield>
  <datafield tag="500" ind1=" " ind2=" ">
    <subfield code="a">In Tibetan; foreword in English; glosses in Mongolian, Manchu or Chinese.</subfield>
  </datafield>
  <datafield tag="500" ind1=" " ind2=" ">
    <subfield code="a">Title of work: Gso byed bdud rtsiʼi ʼkhrul med ṅos ʼdzin bzo rig me loṅ du rnam par śar pa mdzes mtshar mig rgyan.</subfield>
  </datafield>
  <datafield tag="504" ind1=" " ind2=" ">
    <subfield code="a">Includes bibliographical footnotes.</subfield>
  </datafield>
  <datafield tag="505" ind1="2" ind2=" ">
    <subfield code="a">Ye-śes-don-grub-bstan-paʼi-rgyal-mtshan. Dri med śel phreṅ nas bśad paʼi sman gyi ʼkhruṅs dpe mdzes mtshad (sic) mig rgyan.</subfield>
  </datafield>
  <datafield tag="650" ind1=" " ind2="0">
    <subfield code="a">Tibetan language</subfield>
    <subfield code="v">Texts.</subfield>
  </datafield>
  <datafield tag="650" ind1=" " ind2="0">
    <subfield code="a">Medicine, Tibetan</subfield>
    <subfield code="x">Terminology.</subfield>
  </datafield>
  <datafield tag="650" ind1=" " ind2="0">
    <subfield code="a">Materia medica</subfield>
    <subfield code="z">China</subfield>
    <subfield code="z">Tibet Autonomous Region.</subfield>
  </datafield>
  <datafield tag="650" ind1=" " ind2="2">
    <subfield code="a">Medicine</subfield>
    <subfield code="z">China.</subfield>
  </datafield>
  <datafield tag="650" ind1=" " ind2="2">
    <subfield code="a">Medicine, Ayurvedic.</subfield>
  </datafield>
  <datafield tag="700" ind1="0" ind2=" ">
    <subfield code="a">Bstan-ʼdzin-phun-tshogs,</subfield>
    <subfield code="c">Dil-dmar Dge-bśes,</subfield>
    <subfield code="d">active 18th century.</subfield>
    <subfield code="t">Bdud rtsi sman gyi rnam dbye ṅo bo nus miṅ rgyas par bśad pa Dri med śel phreṅ.</subfield>
  </datafield>
  <datafield tag="700" ind1="0" ind2="2">
    <subfield code="a">Don-grub-rgyal-mtshan.</subfield>
    <subfield code="t">Dri med śel phreṅ nas bśad paʼi sman gyi ʼkhruṅs dpe mdzes mtshad (sic) mig rgyan.</subfield>
  </datafield>
  <datafield tag="830" ind1=" " ind2="0">
    <subfield code="a">Śata-piṭaka series ;</subfield>
    <subfield code="v">v. 82.</subfield>
  </datafield>
</record>