

<record xmlns="http://www.loc.gov/MARC21/slim"
xmlns:xsi="http://www.w3.org/2001/XMLSchema-instance"
xsi:schemaLocation="http://www.loc.gov/MARC21/slim
http://www.loc.gov/standards/marcxml/schema/MARC21slim.xsd">
  <leader>01545njm a2200373 a 4500</leader>
  <controlfield tag="001">005499557-4</controlfield>
  <controlfield tag="005">20020606163548.3</controlfield>
  <controlfield tag="008">970205s1991    fr cb    ghk        tib d</controlfield>
  <datafield tag="028" ind1="0" ind2="2">
    <subfield code="b">Auvidis</subfield>
    <subfield code="a">D 8034</subfield>
  </datafield>
  <datafield tag="035" ind1="0" ind2=" ">
    <subfield code="a">ocm36572620</subfield>
  </datafield>
  <datafield tag="035" ind1="1" ind2=" ">
    <subfield code="a">MAHS97R152</subfield>
  </datafield>
  <datafield tag="035" ind1="1" ind2=" ">
    <subfield code="z">RIBGB24001442R</subfield>
  </datafield>
  <datafield tag="040" ind1=" " ind2=" ">
    <subfield code="a">NRNC</subfield>
    <subfield code="c">NRNC</subfield>
    <subfield code="d">RPB</subfield>
    <subfield code="d">CStRLIN</subfield>
    <subfield code="d">MH-Mu</subfield>
  </datafield>
  <datafield tag="041" ind1="0" ind2=" ">
    <subfield code="d">tib</subfield>
    <subfield code="g">engfre</subfield>
  </datafield>
  <datafield tag="043" ind1=" " ind2=" ">
    <subfield code="a">a-cc-ti</subfield>
  </datafield>
  <datafield tag="245" ind1="0" ind2="0">
    <subfield code="a">Tibetan ritual</subfield>
    <subfield code="h">sound recording =</subfield>
    <subfield code="b">Rituel tibetain /</subfield>
    <subfield code="c">The lamas of the Nyingmapa Monastery of Dehra Dun.</subfield>
  </datafield>
  <datafield tag="246" ind1="3" ind2="1">
    <subfield code="a">Rituel tibetain</subfield>
  </datafield>
  <datafield tag="250" ind1=" " ind2=" ">
    <subfield code="a">Reissue Auvidis.</subfield>
  </datafield>
  <datafield tag="260" ind1=" " ind2=" ">
    <subfield code="a">[France] :</subfield>
    <subfield code="b">Auvidis,</subfield>
    <subfield code="c">p1991.</subfield>
  </datafield>
  <datafield tag="300" ind1=" " ind2=" ">
    <subfield code="a">1 sound disc (44 min., 51 sec.) :</subfield>
    <subfield code="b">digital, stereo. ;</subfield>
    <subfield code="c">4 3/4 in.</subfield>
  </datafield>
  <datafield tag="440" ind1=" " ind2="0">
    <subfield code="a">Unesco collection</subfield>
  </datafield>
  <datafield tag="490" ind1="1" ind2=" ">
    <subfield code="a">Anthologie des musiques traditionnelles =</subfield>
    <subfield code="a">Anthology of traditional musics</subfield>
  </datafield>
  <datafield tag="500" ind1=" " ind2=" ">
    <subfield code="a">Digital remastering of previously released 1971 LP, Philips 6586 007.</subfield>
  </datafield>
  <datafield tag="511" ind1="0" ind2=" ">
    <subfield code="a">The lamas of the Nyingmapa Monastary of Dehra Dun = Lamas du Monastère Nyingmapa de Dehra Dun.</subfield>
  </datafield>
  <datafield tag="518" ind1=" " ind2=" ">
    <subfield code="a">Recorded by Manfred Junius and P.C. Misra.</subfield>
  </datafield>
  <datafield tag="500" ind1=" " ind2=" ">
    <subfield code="a">Technical and ethnographic notes in English and French (7 p. : ill.) in container.</subfield>
  </datafield>
  <datafield tag="505" ind1="0" ind2=" ">
    <subfield code="a">Invocation to the goddess Yeshiki Mamo (Tantric Puja) = Invocation à la divité féminine Yeshiki Mamo (Puja tantrique)</subfield>
  </datafield>
  <datafield tag="650" ind1=" " ind2="0">
    <subfield code="a">Buddhist chants.</subfield>
  </datafield>
  <datafield tag="650" ind1=" " ind2="0">
    <subfield code="a">Tantric Buddhism</subfield>
    <subfield code="x">Rituals.</subfield>
  </datafield>
  <datafield tag="650" ind1=" " ind2="0">
    <subfield code="a">Sacred vocal music</subfield>
    <subfield code="z">China</subfield>
    <subfield code="z">Tibet Autonomous Region.</subfield>
  </datafield>
  <datafield tag="650" ind1=" " ind2="0">
    <subfield code="a">Music</subfield>
    <subfield code="z">China</subfield>
    <subfield code="z">Tibet Autonomous Region.</subfield>
  </datafield>
  <datafield tag="830" ind1=" " ind2="0">
    <subfield code="a">Anthologie des musiques traditionnelles.</subfield>
  </datafield>
</record>