

<record xmlns="http://www.loc.gov/MARC21/slim"
xmlns:xsi="http://www.w3.org/2001/XMLSchema-instance"
xsi:schemaLocation="http://www.loc.gov/MARC21/slim
http://www.loc.gov/standards/marcxml/schema/MARC21slim.xsd">
  <leader>01388cam a2200313I  4500</leader>
  <controlfield tag="001">005823830-1</controlfield>
  <controlfield tag="005">20050616152041.0</controlfield>
  <controlfield tag="008">740826s1968    sz            000 0 tib d</controlfield>
  <datafield tag="035" ind1="0" ind2=" ">
    <subfield code="a">ocm00989652</subfield>
  </datafield>
  <datafield tag="040" ind1=" " ind2=" ">
    <subfield code="a">RRR</subfield>
    <subfield code="c">RRR</subfield>
    <subfield code="d">HLS</subfield>
  </datafield>
  <datafield tag="041" ind1="0" ind2=" ">
    <subfield code="a">tibger</subfield>
  </datafield>
  <datafield tag="090" ind1=" " ind2=" ">
    <subfield code="a">PL3779.6</subfield>
    <subfield code="b">.R6 1968</subfield>
  </datafield>
  <datafield tag="100" ind1="0" ind2=" ">
    <subfield code="a">Rol-paʻi-rdo-rje,</subfield>
    <subfield code="c">Grand Lama of Peking,</subfield>
    <subfield code="d">1736-1795.</subfield>
  </datafield>
  <datafield tag="245" ind1="1" ind2="0">
    <subfield code="a">... Tibetische Nationalgrammatik;</subfield>
    <subfield code="b">das Sum cu pa and Rtags kyi &apos;ajug pa des Grosslamas von Peking Rol pai rdo rje.</subfield>
    <subfield code="c">Ein Kommentar zu den gleichnamigen Schriften Thon-mi Sambhoṭa&apos;s auf Grund der Erklärung des Lamas Chos-skyoṅ-bzaṅ-po, lo-tsa-ba von Zhalu. Mit Übersetzung und Anmerkungen versehen von Johannes Schubert.</subfield>
  </datafield>
  <datafield tag="246" ind1="3" ind2=" ">
    <subfield code="a">Sum cu pa und Rtags kyi &apos;ajug pa.</subfield>
  </datafield>
  <datafield tag="260" ind1=" " ind2=" ">
    <subfield code="a">Ascona, Switzerland,</subfield>
    <subfield code="b">Artibus Asiae,</subfield>
    <subfield code="c">[1968]</subfield>
  </datafield>
  <datafield tag="300" ind1=" " ind2=" ">
    <subfield code="a">104 p.</subfield>
    <subfield code="b">facsims.</subfield>
    <subfield code="c">25 cm.</subfield>
  </datafield>
  <datafield tag="440" ind1=" " ind2="0">
    <subfield code="a">Artibus Asiae. Supplementum,</subfield>
    <subfield code="v">1</subfield>
  </datafield>
  <datafield tag="500" ind1=" " ind2=" ">
    <subfield code="a">Title in Tibetan at head of t. p.; text in facsimile and transliteration.</subfield>
  </datafield>
  <datafield tag="500" ind1=" " ind2=" ">
    <subfield code="a">&quot;First printing 1937; second printing 1968.&quot;</subfield>
  </datafield>
  <datafield tag="500" ind1=" " ind2=" ">
    <subfield code="a">Revision of the editor&apos;s thesis, Berlin, 1928.</subfield>
  </datafield>
  <datafield tag="650" ind1=" " ind2="0">
    <subfield code="a">Tibetan language</subfield>
    <subfield code="x">Grammar.</subfield>
  </datafield>
  <datafield tag="700" ind1="1" ind2=" ">
    <subfield code="a">Thon-mi Sambhoṭa,</subfield>
    <subfield code="d">active 632.</subfield>
  </datafield>
  <datafield tag="700" ind1="0" ind2=" ">
    <subfield code="a">Chos-skyoṅ-bzaṅ-po,</subfield>
    <subfield code="d">1439-1525.</subfield>
  </datafield>
  <datafield tag="700" ind1="1" ind2=" ">
    <subfield code="a">Schubert, Johannes,</subfield>
    <subfield code="d">1896-</subfield>
    <subfield code="e">ed.</subfield>
  </datafield>
</record>