

<record xmlns="http://www.loc.gov/MARC21/slim"
xmlns:xsi="http://www.w3.org/2001/XMLSchema-instance"
xsi:schemaLocation="http://www.loc.gov/MARC21/slim
http://www.loc.gov/standards/marcxml/schema/MARC21slim.xsd">
  <leader>01092nam a2200169K  4500</leader>
  <controlfield tag="001">005825443-9</controlfield>
  <controlfield tag="005">20020606163548.3</controlfield>
  <controlfield tag="008">950329s1972    mau           000 0 tib d</controlfield>
  <datafield tag="035" ind1="0" ind2=" ">
    <subfield code="a">ocm81215437</subfield>
  </datafield>
  <datafield tag="040" ind1=" " ind2=" ">
    <subfield code="a">HLS</subfield>
    <subfield code="c">HLS</subfield>
  </datafield>
  <datafield tag="110" ind1="2" ind2=" ">
    <subfield code="a">Tripitaka.</subfield>
    <subfield code="b">Tibetan.</subfield>
    <subfield code="b">Bkah-hgyur.</subfield>
  </datafield>
  <datafield tag="245" ind1="1" ind2="0">
    <subfield code="a">Sangs-rgyas phal-po-che shes-bya-ba šin-tu rgyas-pa chen-poḥi mdo [and others].</subfield>
  </datafield>
  <datafield tag="260" ind1=" " ind2=" ">
    <subfield code="a">Cambridge,</subfield>
    <subfield code="c">1972.</subfield>
  </datafield>
  <datafield tag="500" ind1=" " ind2=" ">
    <subfield code="a">Nos. 44, 1803, 1829, 2314, 3902, 3911, 3712, 3947, 3966, 4156, 120-121, 3960 in Tohoku Daigaku list; bundle nos. 37-38, 137-138, 154, 211-214. 274, 54, and 213.</subfield>
  </datafield>
  <datafield tag="500" ind1=" " ind2=" ">
    <subfield code="a">Including: Spyod-pa bsdus-paḥi sgron-ma.--Byang-chub-kyi sems-kyi hgrel-paḥi rnam-par bsad-pa.--Chos-kyi dbyings-su lta-baḥi glu.--Bden-pa gnis-la hjug-pa.--Kun-rdsob byang-chub-kyi sems ngag yi-ger bris-pa.--Don-dam-pa byang-chub-kyi sems bsgom-pa-hi rim-pa yi-ger bris-pa.--Byang-chub-tu sems bskyed-paḥi cho-gra.--Sangs-rgyas-kyi spyod-pa shes-bya-bahi snan.--Hphags-pa yongs-su mya-ngan-las hdus-pa chen-poni mdo.--Spyod-pa bsdus-pahi sgron-ma.</subfield>
  </datafield>
</record>