

<record xmlns="http://www.loc.gov/MARC21/slim"
xmlns:xsi="http://www.w3.org/2001/XMLSchema-instance"
xsi:schemaLocation="http://www.loc.gov/MARC21/slim
http://www.loc.gov/standards/marcxml/schema/MARC21slim.xsd">
  <leader>00774nam a2200193K  4500</leader>
  <controlfield tag="001">005825450-1</controlfield>
  <controlfield tag="005">20090712222249.0</controlfield>
  <controlfield tag="008">950329s1968    ja            000 0 tib d</controlfield>
  <datafield tag="035" ind1="0" ind2=" ">
    <subfield code="a">ocm82646272</subfield>
  </datafield>
  <datafield tag="040" ind1=" " ind2=" ">
    <subfield code="a">HLS</subfield>
    <subfield code="c">HLS</subfield>
  </datafield>
  <datafield tag="100" ind1="0" ind2=" ">
    <subfield code="a">Grags-pa-rgyal-mtshan,</subfield>
    <subfield code="d">1147-1216.</subfield>
  </datafield>
  <datafield tag="245" ind1="1" ind2="4">
    <subfield code="a">The complete works of Grags Pa Rgyal Mtshan.</subfield>
    <subfield code="c">Compiled by Bsod Nams Rgya Mtsho.</subfield>
  </datafield>
  <datafield tag="260" ind1=" " ind2=" ">
    <subfield code="a">Tokyo,</subfield>
    <subfield code="b">Toyo Bunko,</subfield>
    <subfield code="c">1968.</subfield>
  </datafield>
  <datafield tag="300" ind1=" " ind2=" ">
    <subfield code="a">2 v.</subfield>
    <subfield code="c">23 x 32 cm.</subfield>
  </datafield>
  <datafield tag="490" ind1="1" ind2=" ">
    <subfield code="a">The complete works of the great masters of the Sa Skya Sect of the Tibetan Buddhism,</subfield>
    <subfield code="v">v. 3-4</subfield>
  </datafield>
  <datafield tag="500" ind1=" " ind2=" ">
    <subfield code="a">Bibliotheca Tibetica, I-3-4.</subfield>
  </datafield>
  <datafield tag="500" ind1=" " ind2=" ">
    <subfield code="a">Cataloged from added t.p. Main t.p. and text, reproduced in facsim. from original block-print editions, in Tibetan.</subfield>
  </datafield>
  <datafield tag="830" ind1=" " ind2="0">
    <subfield code="a">Sa-skya-paʼi bkaʼ ʼbum ;</subfield>
    <subfield code="v">v. 3-4.</subfield>
  </datafield>
</record>