

<record xmlns="http://www.loc.gov/MARC21/slim"
xmlns:xsi="http://www.w3.org/2001/XMLSchema-instance"
xsi:schemaLocation="http://www.loc.gov/MARC21/slim
http://www.loc.gov/standards/marcxml/schema/MARC21slim.xsd">
  <leader>02318cam a2200433Ia 4500</leader>
  <controlfield tag="001">005828071-5</controlfield>
  <controlfield tag="005">20050607064859.0</controlfield>
  <controlfield tag="008">840213s1968    ja a          000 0 tib d</controlfield>
  <datafield tag="035" ind1="0" ind2=" ">
    <subfield code="a">ocm10409960</subfield>
  </datafield>
  <datafield tag="040" ind1=" " ind2=" ">
    <subfield code="a">VZI</subfield>
    <subfield code="c">VZI</subfield>
    <subfield code="d">OCL</subfield>
    <subfield code="d">HLS</subfield>
  </datafield>
  <datafield tag="041" ind1="0" ind2=" ">
    <subfield code="a">tib</subfield>
    <subfield code="b">eng</subfield>
  </datafield>
  <datafield tag="090" ind1=" " ind2=" ">
    <subfield code="a">BQ7672</subfield>
    <subfield code="b">.S26 1968</subfield>
  </datafield>
  <datafield tag="245" ind1="0" ind2="0">
    <subfield code="a">Sa skya paʼi bkaʼ ʼbum :</subfield>
    <subfield code="b">the complete works of the great masters of the Sa-skya sect of the Tibetan Buddhism /</subfield>
    <subfield code="c">compiled by Bsod-nams-rgya-mtsho.</subfield>
  </datafield>
  <datafield tag="246" ind1="3" ind2=" ">
    <subfield code="a">Complete works of the great masters of the Sa-skya sect of the Tibetan Buddhism.</subfield>
  </datafield>
  <datafield tag="260" ind1=" " ind2=" ">
    <subfield code="a">Tokyo :</subfield>
    <subfield code="b">The Tōyō Bunko,</subfield>
    <subfield code="c">1968.</subfield>
  </datafield>
  <datafield tag="300" ind1=" " ind2=" ">
    <subfield code="a">15 v. :</subfield>
    <subfield code="b">ill. ;</subfield>
    <subfield code="c">24 x 33 cm.</subfield>
  </datafield>
  <datafield tag="440" ind1=" " ind2="0">
    <subfield code="a">Bibliotheca Tibetica ;</subfield>
    <subfield code="v">1</subfield>
  </datafield>
  <datafield tag="500" ind1=" " ind2=" ">
    <subfield code="a">In Tibetan; introd. in English.</subfield>
  </datafield>
  <datafield tag="500" ind1=" " ind2=" ">
    <subfield code="a">Reproduced from prints of the blocks carved during the 18th cent. at the Sde-dge Lhun-grub-bstan Monastery. The prints, brought from Tibet by Bsod-nams-rgya-mtsho, were supplemented when necessary by leaves from the Ṅor-klu-lding Bla-brang Monastery, Mussourie, India and by A-phed, Sde-dge Mkan-po.</subfield>
  </datafield>
  <datafield tag="500" ind1=" " ind2=" ">
    <subfield code="a">On colophon: Sakyapa zensho shūsei.</subfield>
  </datafield>
  <datafield tag="500" ind1=" " ind2=" ">
    <subfield code="a">Photo-reproduction of Tibetan text with the title: Sa skya pai bka bum.</subfield>
  </datafield>
  <datafield tag="500" ind1=" " ind2=" ">
    <subfield code="a">Titles in Japanese or in Chinese.</subfield>
  </datafield>
  <datafield tag="500" ind1=" " ind2=" ">
    <subfield code="a">Prelim. matter also in English.</subfield>
  </datafield>
  <datafield tag="650" ind1=" " ind2="0">
    <subfield code="a">Sa-skya-pa (Sect)</subfield>
  </datafield>
  <datafield tag="700" ind1="0" ind2=" ">
    <subfield code="a">Bsod-nams-rgya-mtsho,</subfield>
    <subfield code="c">Ṅor Thar-tshe Mkhan-po,</subfield>
    <subfield code="e">(ms source) &amp; ed.</subfield>
  </datafield>
  <datafield tag="700" ind1="0" ind2=" ">
    <subfield code="a">Go-rams-pa Bsod-nams-seṅ-ge,</subfield>
    <subfield code="d">1429-1489.</subfield>
    <subfield code="t">Bkaʼ ʼbum, v.11-15 of.</subfield>
  </datafield>
  <datafield tag="700" ind1="0" ind2=" ">
    <subfield code="a">Ṅor-chen Kun-dgaʼ-bzaṅ-po,</subfield>
    <subfield code="d">1382-1456.</subfield>
    <subfield code="t">Bkaʼ ʼbum, v.9-10 of.</subfield>
  </datafield>
  <datafield tag="700" ind1="0" ind2=" ">
    <subfield code="a">Sa-bzaṅ Ma-ti Paṇ-chen, Jam-dbyaṅs-blo-gros,</subfield>
    <subfield code="d">active 13-14th century.</subfield>
    <subfield code="t">Sa bzaṅ ma ti paṇ chen sogs kyi sgra sñan gyi ʼgrel pa, v.8 of.</subfield>
  </datafield>
  <datafield tag="700" ind1="0" ind2=" ">
    <subfield code="a">Blo-gros-rgyal-mtshan,</subfield>
    <subfield code="c">Chos-rgyal Phags-pa,</subfield>
    <subfield code="d">1235-1280.</subfield>
    <subfield code="t">v.6-7 of.</subfield>
  </datafield>
  <datafield tag="700" ind1="0" ind2=" ">
    <subfield code="a">Sa-skya Paṇḍi-ta Kun-dgaʼ-rgyal-mtshan,</subfield>
    <subfield code="d">1182-1251.</subfield>
    <subfield code="t">Bkaʼ ʼbum, v.5 of.</subfield>
  </datafield>
  <datafield tag="700" ind1="0" ind2=" ">
    <subfield code="a">Grags-pa-rgyal-mtshan,</subfield>
    <subfield code="d">1147-1216.</subfield>
    <subfield code="t">Bkaʼ ʼbum, v.3-4 of.</subfield>
  </datafield>
  <datafield tag="700" ind1="0" ind2=" ">
    <subfield code="a">Bsod-nams-rtse-mo,</subfield>
    <subfield code="c">Sa-skya Slob-dpon,</subfield>
    <subfield code="d">1142-1182.</subfield>
    <subfield code="t">Bkaʼ ʼbum, v.2 of.</subfield>
  </datafield>
  <datafield tag="700" ind1="0" ind2=" ">
    <subfield code="a">Sa-chen Kun-dgaʼ-sñiṅ po,</subfield>
    <subfield code="d">1092-1158.</subfield>
    <subfield code="t">Bkaʼ ʼbum, v.1 of.</subfield>
  </datafield>
  <datafield tag="710" ind1="1" ind2=" ">
    <subfield code="a">Sde-dge Lhun-grub-bstan (Monastery).</subfield>
    <subfield code="k">Blockprint.</subfield>
  </datafield>
  <datafield tag="710" ind1="2" ind2=" ">
    <subfield code="a">Tōyō Bunko (Japan)</subfield>
  </datafield>
</record>