

<record xmlns="http://www.loc.gov/MARC21/slim"
xmlns:xsi="http://www.w3.org/2001/XMLSchema-instance"
xsi:schemaLocation="http://www.loc.gov/MARC21/slim
http://www.loc.gov/standards/marcxml/schema/MARC21slim.xsd">
  <leader>01101njm a2200241 a 4500</leader>
  <controlfield tag="001">006058401-7</controlfield>
  <controlfield tag="005">20020606163548.3</controlfield>
  <controlfield tag="008">951010s1994||||fr cbnn  gi||||  |  tib d</controlfield>
  <datafield tag="028" ind1="0" ind2="2">
    <subfield code="b">Ellébore</subfield>
    <subfield code="a">55945.2</subfield>
  </datafield>
  <datafield tag="035" ind1="0" ind2=" ">
    <subfield code="a">ocm35287714</subfield>
  </datafield>
  <datafield tag="245" ind1="0" ind2="0">
    <subfield code="a">Sacred Tibetan music</subfield>
    <subfield code="h">sound recording =</subfield>
    <subfield code="b">Musique sacrée tibetaine.</subfield>
  </datafield>
  <datafield tag="246" ind1="3" ind2=" ">
    <subfield code="a">Musique sacrée tibetaine</subfield>
  </datafield>
  <datafield tag="260" ind1=" " ind2=" ">
    <subfield code="a">Paris :</subfield>
    <subfield code="b">Ellébore ;</subfield>
    <subfield code="a">[France] :</subfield>
    <subfield code="b">Distribution Mélodie,</subfield>
    <subfield code="c">p1994.</subfield>
  </datafield>
  <datafield tag="300" ind1=" " ind2=" ">
    <subfield code="a">1 sound disc :</subfield>
    <subfield code="b">digital ;</subfield>
    <subfield code="c">4 3/4 in.</subfield>
  </datafield>
  <datafield tag="500" ind1=" " ind2=" ">
    <subfield code="a">Tibetan Buddhist chant.</subfield>
  </datafield>
  <datafield tag="511" ind1="0" ind2=" ">
    <subfield code="a">Monks of the Tibetan Buddhist order of Droukpa Kargyu, vocals ; with instrumentalists.</subfield>
  </datafield>
  <datafield tag="500" ind1=" " ind2=" ">
    <subfield code="a">Technical and historical notes ([6] p.) in English and French, in container.</subfield>
  </datafield>
  <datafield tag="505" ind1="0" ind2=" ">
    <subfield code="a">Doungchen end gyaling (8:58) -- Praise of the Twelve Great Acts of Buddha (8:02) -- Ritual of Mahakala with four arms (18:56) -- Autographical chant of Mlarepa (10:20) -- Prayer to Amitabha (18:02) -- Prayer of dedication and wishes (3:40).</subfield>
  </datafield>
  <datafield tag="650" ind1=" " ind2="0">
    <subfield code="a">Buddhist chants.</subfield>
  </datafield>
  <datafield tag="650" ind1=" " ind2="0">
    <subfield code="a">Music</subfield>
    <subfield code="z">China</subfield>
    <subfield code="z">Tibet Autonomous Region.</subfield>
  </datafield>
  <datafield tag="691" ind1=" " ind2="4">
    <subfield code="a">Tibet (China)</subfield>
    <subfield code="x">Music.</subfield>
  </datafield>
</record>