

<record xmlns="http://www.loc.gov/MARC21/slim"
xmlns:xsi="http://www.w3.org/2001/XMLSchema-instance"
xsi:schemaLocation="http://www.loc.gov/MARC21/slim
http://www.loc.gov/standards/marcxml/schema/MARC21slim.xsd">
  <leader>01441njm a2200277 a 4500</leader>
  <controlfield tag="001">006148859-3</controlfield>
  <controlfield tag="005">20021009105704.0</controlfield>
  <controlfield tag="008">951107s1994||||ch zznn  dghik   |  tib d</controlfield>
  <datafield tag="028" ind1="0" ind2="2">
    <subfield code="b">Wind Records</subfield>
    <subfield code="a">TCD-1601</subfield>
  </datafield>
  <datafield tag="035" ind1="0" ind2=" ">
    <subfield code="a">ocm35821080</subfield>
  </datafield>
  <datafield tag="040" ind1=" " ind2=" ">
    <subfield code="a">MH-Mu</subfield>
    <subfield code="c">MH-Mu</subfield>
  </datafield>
  <datafield tag="245" ind1="0" ind2="0">
    <subfield code="a">Tsang-tsu hsi chʾü yin-yüeh</subfield>
    <subfield code="h">sound recording =</subfield>
    <subfield code="b">The opera music of Tibet.</subfield>
  </datafield>
  <datafield tag="246" ind1="3" ind2=" ">
    <subfield code="a">Opera music of Tibet</subfield>
  </datafield>
  <datafield tag="260" ind1=" " ind2=" ">
    <subfield code="a">Taipei, Taiwan :</subfield>
    <subfield code="b">Wind Records,</subfield>
    <subfield code="c">p1994.</subfield>
  </datafield>
  <datafield tag="300" ind1=" " ind2=" ">
    <subfield code="a">1 sound disc :</subfield>
    <subfield code="b">digital, stereo. ;</subfield>
    <subfield code="c">4 3/4 in.</subfield>
  </datafield>
  <datafield tag="490" ind1="1" ind2=" ">
    <subfield code="a">Hsi-tsang yin yüeh chi shih = [The music of Tibet] ;</subfield>
    <subfield code="v">1</subfield>
  </datafield>
  <datafield tag="490" ind1="1" ind2=" ">
    <subfield code="a">Chung-kuo shao shu min tsu yin yüeh ta ch&apos;üan = The music of the minorities in China ;</subfield>
    <subfield code="v">1</subfield>
  </datafield>
  <datafield tag="500" ind1=" " ind2=" ">
    <subfield code="a">Chinese translation of Tibetan lyrics, with English transliteration of excerpts of the lyrics from the Tibetan, and technical,historical, and ethnographic notes in Chinese and English (36 p.), in container.</subfield>
  </datafield>
  <datafield tag="505" ind1="0" ind2=" ">
    <subfield code="a">Suchi ni ma (Lan mien-chü p&apos;ai) = Gzugs-skyi-ni-ma =Blue mask section (46:12) -- Nuo-sang wang-tzu (Pai mien-chü p&apos;ai) = Prince Nor-bzang = White mask section (12:20) -- Wen-ch&apos;eng kung-chu (K&apos;ang-pa tsang hsi) = Princess Wen-cheng = Khams-pa Tibetan opera (1:32).</subfield>
  </datafield>
  <datafield tag="650" ind1=" " ind2="0">
    <subfield code="a">Vocal music</subfield>
    <subfield code="z">China</subfield>
    <subfield code="z">Tibet Autonomous Region.</subfield>
  </datafield>
  <datafield tag="650" ind1=" " ind2="0">
    <subfield code="a">Music</subfield>
    <subfield code="z">China</subfield>
    <subfield code="z">Tibet Autonomous Region.</subfield>
  </datafield>
  <datafield tag="650" ind1=" " ind2="0">
    <subfield code="a">Operas, Chinese</subfield>
    <subfield code="z">China</subfield>
    <subfield code="z">Tibet Autonomous Region.</subfield>
  </datafield>
  <datafield tag="830" ind1=" " ind2="0">
    <subfield code="a">Chung-kuo shao shu min tsu yin yüeh ta ch&apos;üan ;</subfield>
    <subfield code="v">1.</subfield>
  </datafield>
  <datafield tag="830" ind1=" " ind2="0">
    <subfield code="a">Hsi-tsang yin yüeh chi shih ;</subfield>
    <subfield code="v">1.</subfield>
  </datafield>
</record>