

<record xmlns="http://www.loc.gov/MARC21/slim"
xmlns:xsi="http://www.w3.org/2001/XMLSchema-instance"
xsi:schemaLocation="http://www.loc.gov/MARC21/slim
http://www.loc.gov/standards/marcxml/schema/MARC21slim.xsd">
  <leader>01206nam a2200277I  4500</leader>
  <controlfield tag="001">006185046-2</controlfield>
  <controlfield tag="005">20020606163548.3</controlfield>
  <controlfield tag="008">770804s1919    gw e          000 0 tib c</controlfield>
  <datafield tag="010" ind1=" " ind2=" ">
    <subfield code="a">ac 36002110</subfield>
  </datafield>
  <datafield tag="035" ind1="0" ind2=" ">
    <subfield code="a">ocm03161086</subfield>
  </datafield>
  <datafield tag="040" ind1=" " ind2=" ">
    <subfield code="a">Univ. of Chicago</subfield>
    <subfield code="c">UCW</subfield>
    <subfield code="d">HLS</subfield>
  </datafield>
  <datafield tag="041" ind1="0" ind2=" ">
    <subfield code="a">tib</subfield>
    <subfield code="b">ger</subfield>
  </datafield>
  <datafield tag="050" ind1=" " ind2=" ">
    <subfield code="a">AS182</subfield>
    <subfield code="b">.H44 vol.10, pt.1</subfield>
  </datafield>
  <datafield tag="100" ind1="0" ind2=" ">
    <subfield code="a">Ngag-dbang bLo-bzang,</subfield>
    <subfield code="c">Dalai-lama,</subfield>
    <subfield code="d">1617-1682.</subfield>
  </datafield>
  <datafield tag="245" ind1="1" ind2="4">
    <subfield code="a">Die Tempel von Lhasa;</subfield>
    <subfield code="b">Gedicht des ersten Dalailama, für Pilger bestimmt,</subfield>
    <subfield code="c">aus dem tibetischen Texte mit dem Kommentar ins Deutsche übersetzt von Albert Grünwedel.</subfield>
  </datafield>
  <datafield tag="260" ind1=" " ind2=" ">
    <subfield code="a">Heidelberg,</subfield>
    <subfield code="b">C. Winter,</subfield>
    <subfield code="c">1919.</subfield>
  </datafield>
  <datafield tag="300" ind1=" " ind2=" ">
    <subfield code="a">92 p., 1 ℓ. incl. plan.</subfield>
    <subfield code="c">25 cm.</subfield>
  </datafield>
  <datafield tag="490" ind1="1" ind2=" ">
    <subfield code="a">Sitzungsberichte der Heidelberger Akademie der Wissenschaften. Philosophisch-Historische Klasse ;</subfield>
    <subfield code="v">[Bd. 10] Jahrg. 1919, 14. Abh.</subfield>
  </datafield>
  <datafield tag="650" ind1=" " ind2="0">
    <subfield code="a">Tibetan language</subfield>
    <subfield code="x">Texts.</subfield>
  </datafield>
  <datafield tag="651" ind1=" " ind2="0">
    <subfield code="a">Lhasa (China)</subfield>
  </datafield>
  <datafield tag="700" ind1="1" ind2=" ">
    <subfield code="a">Grünwedel, Albert,</subfield>
    <subfield code="d">1856-1935.</subfield>
  </datafield>
  <datafield tag="830" ind1=" " ind2="0">
    <subfield code="a">Sitzungsberichte der Heidelberger akademie der wissenschaften, Stiftung Heinrich Lanz, Philosophisch-historische Klasse ;</subfield>
    <subfield code="v">[Bd. 10] Jahrg. 1919, 14. abh.</subfield>
  </datafield>
</record>