

<record xmlns="http://www.loc.gov/MARC21/slim"
xmlns:xsi="http://www.w3.org/2001/XMLSchema-instance"
xsi:schemaLocation="http://www.loc.gov/MARC21/slim
http://www.loc.gov/standards/marcxml/schema/MARC21slim.xsd">
  <leader>00411nam a22001335u 4500</leader>
  <controlfield tag="001">006403633-2</controlfield>
  <controlfield tag="005">20020606163548.3</controlfield>
  <controlfield tag="008">910621|1995    it           |||||||tib|d</controlfield>
  <datafield tag="035" ind1="0" ind2=" ">
    <subfield code="a">ocm34497235</subfield>
  </datafield>
  <datafield tag="100" ind1="1" ind2=" ">
    <subfield code="a">Cereti, Carlo G.</subfield>
  </datafield>
  <datafield tag="245" ind1="1" ind2="4">
    <subfield code="a">The Zand ī Wahman Yasn :</subfield>
    <subfield code="b">a Zoroastrian apocalypse.</subfield>
  </datafield>
  <datafield tag="260" ind1="0" ind2=" ">
    <subfield code="a">Roma :</subfield>
    <subfield code="b">Istituto italiano per il medio ed estremo oriente,</subfield>
    <subfield code="c">1995.</subfield>
  </datafield>
  <datafield tag="440" ind1=" " ind2="0">
    <subfield code="a">Serie orientale Roma ;</subfield>
    <subfield code="v">v. 75</subfield>
  </datafield>
</record>