

<record xmlns="http://www.loc.gov/MARC21/slim"
xmlns:xsi="http://www.w3.org/2001/XMLSchema-instance"
xsi:schemaLocation="http://www.loc.gov/MARC21/slim
http://www.loc.gov/standards/marcxml/schema/MARC21slim.xsd">
  <leader>01023nam a2200253K  4500</leader>
  <controlfield tag="001">006522772-7</controlfield>
  <controlfield tag="005">20090712235017.0</controlfield>
  <controlfield tag="008">810702s1960    ii            000 0 tib d</controlfield>
  <datafield tag="035" ind1="0" ind2=" ">
    <subfield code="a">ocm07547996</subfield>
  </datafield>
  <datafield tag="040" ind1=" " ind2=" ">
    <subfield code="a">CLE</subfield>
    <subfield code="c">CLE</subfield>
    <subfield code="d">HLS</subfield>
  </datafield>
  <datafield tag="100" ind1="0" ind2=" ">
    <subfield code="a">Saṅs-rgyas-rgya-mtsho,</subfield>
    <subfield code="c">Sde-srid,</subfield>
    <subfield code="d">1653-1705.</subfield>
  </datafield>
  <datafield tag="245" ind1="1" ind2="0">
    <subfield code="a">Vaidūrya-ser-po :</subfield>
    <subfield code="b">(a history of the Dge-lugs-pa monasteries of Tibet) /</subfield>
    <subfield code="c">Ed. by Lokesh Chandra with a foreword by L. Petech.</subfield>
  </datafield>
  <datafield tag="260" ind1=" " ind2=" ">
    <subfield code="a">New Delhi :</subfield>
    <subfield code="b">International Academy of Indian culture,</subfield>
    <subfield code="c">1960.</subfield>
  </datafield>
  <datafield tag="300" ind1=" " ind2=" ">
    <subfield code="a">2 v.</subfield>
  </datafield>
  <datafield tag="490" ind1="1" ind2=" ">
    <subfield code="a">Indo-Asian literatures,</subfield>
    <subfield code="v">v. 12. Bhoṭapiṭaka,</subfield>
    <subfield code="v">v. 5</subfield>
  </datafield>
  <datafield tag="500" ind1=" " ind2=" ">
    <subfield code="a">Also part of the series Śata-piṭaka.</subfield>
  </datafield>
  <datafield tag="500" ind1=" " ind2=" ">
    <subfield code="a">Title-page of v. 2 reads: Vaidūrya-ser-po, part 2 and the Annals of Kokonor written by Sum-pa-mkhan-po Ye-śes-dpal-ḥbyor.</subfield>
  </datafield>
  <datafield tag="700" ind1="0" ind2=" ">
    <subfield code="a">Lokesh Chandra,</subfield>
    <subfield code="e">ed.</subfield>
  </datafield>
  <datafield tag="830" ind1=" " ind2="0">
    <subfield code="a">Śata-piṭaka series.</subfield>
    <subfield code="p">Bhoṭa-piṭaka ;</subfield>
    <subfield code="v">v. 5.</subfield>
  </datafield>
  <datafield tag="830" ind1=" " ind2="0">
    <subfield code="a">Indo-Asian literatures ;</subfield>
    <subfield code="v">v. 12.</subfield>
  </datafield>
  <datafield tag="830" ind1=" " ind2="0">
    <subfield code="a">Śata-piṭaka series.</subfield>
  </datafield>
</record>