

<record xmlns="http://www.loc.gov/MARC21/slim"
xmlns:xsi="http://www.w3.org/2001/XMLSchema-instance"
xsi:schemaLocation="http://www.loc.gov/MARC21/slim
http://www.loc.gov/standards/marcxml/schema/MARC21slim.xsd">
  <leader>00688nam a2200181K  4500</leader>
  <controlfield tag="001">006867811-8</controlfield>
  <controlfield tag="005">20020606163548.3</controlfield>
  <controlfield tag="008">960606s1901    ii            000 0 tib d</controlfield>
  <datafield tag="035" ind1="0" ind2=" ">
    <subfield code="a">ocn235949200</subfield>
  </datafield>
  <datafield tag="040" ind1=" " ind2=" ">
    <subfield code="a">HLS</subfield>
    <subfield code="c">HLS</subfield>
  </datafield>
  <datafield tag="100" ind1="1" ind2=" ">
    <subfield code="a">Das, Sarat Chandra,</subfield>
    <subfield code="d">1849-1917,</subfield>
    <subfield code="e">comp.</subfield>
  </datafield>
  <datafield tag="245" ind1="1" ind2="0">
    <subfield code="a">Yig Kur Nam Shag;</subfield>
    <subfield code="b">being a collection of letters, both official and private and illustrating the different forms of correspondence used in Tibet.</subfield>
  </datafield>
  <datafield tag="260" ind1=" " ind2=" ">
    <subfield code="a">[Calcutta?]</subfield>
    <subfield code="b">Printed at the Bengal Secretariat Press,</subfield>
    <subfield code="c">1901.</subfield>
  </datafield>
  <datafield tag="300" ind1=" " ind2=" ">
    <subfield code="a">xii, 88 p.</subfield>
  </datafield>
  <datafield tag="500" ind1=" " ind2=" ">
    <subfield code="a">Introductory matter in English; text in Tibetan.</subfield>
  </datafield>
  <datafield tag="690" ind1=" " ind2="9">
    <subfield code="a">Tibetan letters.</subfield>
    <subfield code="5">wid</subfield>
  </datafield>
</record>