

<record xmlns="http://www.loc.gov/MARC21/slim"
xmlns:xsi="http://www.w3.org/2001/XMLSchema-instance"
xsi:schemaLocation="http://www.loc.gov/MARC21/slim
http://www.loc.gov/standards/marcxml/schema/MARC21slim.xsd">
  <leader>     cjm a2200457 a 4500</leader>
  <controlfield tag="001">007091833-3</controlfield>
  <controlfield tag="005">20130801150730.0</controlfield>
  <controlfield tag="008">960828p19961983ne opnn  fi       n tib d</controlfield>
  <datafield tag="024" ind1="1" ind2=" ">
    <subfield code="a">713958204627</subfield>
  </datafield>
  <datafield tag="028" ind1="0" ind2="2">
    <subfield code="a">Pan 2046CD</subfield>
    <subfield code="b">Pan Records</subfield>
  </datafield>
  <datafield tag="035" ind1="0" ind2=" ">
    <subfield code="a">ocm36140395</subfield>
  </datafield>
  <datafield tag="040" ind1=" " ind2=" ">
    <subfield code="a">HLS</subfield>
    <subfield code="b">eng</subfield>
    <subfield code="c">HLS</subfield>
    <subfield code="d">OCL</subfield>
    <subfield code="d">OCLCQ</subfield>
    <subfield code="d">EMU</subfield>
    <subfield code="d">NYP</subfield>
    <subfield code="d">OCLCA</subfield>
    <subfield code="d">OCLCQ</subfield>
    <subfield code="d">HMU</subfield>
  </datafield>
  <datafield tag="041" ind1="0" ind2=" ">
    <subfield code="d">tib</subfield>
    <subfield code="g">eng</subfield>
  </datafield>
  <datafield tag="043" ind1=" " ind2=" ">
    <subfield code="a">a-cc-ti</subfield>
  </datafield>
  <datafield tag="245" ind1="0" ind2="0">
    <subfield code="a">Achelhamo</subfield>
    <subfield code="h">[sound recording] =</subfield>
    <subfield code="b">Celestial female : parts from Tibetan opera.</subfield>
  </datafield>
  <datafield tag="246" ind1="3" ind2="0">
    <subfield code="a">Celestial female</subfield>
  </datafield>
  <datafield tag="246" ind1="3" ind2="0">
    <subfield code="a">Parts from Tibetan opera</subfield>
  </datafield>
  <datafield tag="246" ind1="3" ind2="0">
    <subfield code="a">Tibetan opera</subfield>
  </datafield>
  <datafield tag="260" ind1=" " ind2=" ">
    <subfield code="a">Leiden, the Netherlands :</subfield>
    <subfield code="b">Pan Records,</subfield>
    <subfield code="c">p1996.</subfield>
  </datafield>
  <datafield tag="300" ind1=" " ind2=" ">
    <subfield code="a">1 sound disc :</subfield>
    <subfield code="b">digital ;</subfield>
    <subfield code="c">4 3/4 in.</subfield>
  </datafield>
  <datafield tag="490" ind1="1" ind2=" ">
    <subfield code="a">Anthology of music in China ;</subfield>
    <subfield code="v">5</subfield>
  </datafield>
  <datafield tag="490" ind1="1" ind2=" ">
    <subfield code="a">Ethnic series</subfield>
  </datafield>
  <datafield tag="500" ind1=" " ind2=" ">
    <subfield code="a">Excerpts from the two major types of traditional Tibetan opera, Achelhamo and Namthar.</subfield>
  </datafield>
  <datafield tag="511" ind1="0" ind2=" ">
    <subfield code="a">Various performers.</subfield>
  </datafield>
  <datafield tag="518" ind1=" " ind2=" ">
    <subfield code="a">Selections from Tibetan Opera Achelhamo recorded in Lhasa in June and September 1983; selections from Amdo Tibetan Opera (Namthar) recorded in the Gannan Tibetan Autonomous Prefecture in Gansu Province, June and July 1986.</subfield>
  </datafield>
  <datafield tag="500" ind1=" " ind2=" ">
    <subfield code="a">Compact disc.</subfield>
  </datafield>
  <datafield tag="500" ind1=" " ind2=" ">
    <subfield code="a">Historical and descriptive notes by Tian Liantao (11 p. : ill.)--inserted in container.</subfield>
  </datafield>
  <datafield tag="505" ind1="0" ind2=" ">
    <subfield code="a">Selections from Tibetan opera Achelhamo. Ongpa don: prologue (10:33) ; Dangring #1 (1:05) ; Dangring #2 (1:10) ; Shungma namthar (0:58) ; Dangthung (0:45) ; Jolu dangring (2:28) ; Nhosang jolu (0:54) ; Drowa sangmo dangring (1:30) ; Hajang dumo namthar (1:16) ; Nangsa danglo (1:05) ; Chering (2:32) ; Shema namthar (1:07) ; Song-and-dance melody #1 (0:24) ; Song-and-dance melody #2 (0:31) ; Alo nachung (0:37) ; Kongpo (0:17) ; Changsungla (1:13) ; Song of bitterness (0:26) ; Drum rhythms to the King (1:17) ; Drum rhythms to Drowa Sangmo (1:35) ; Drum rhythms to fighting on horseback (0:49) ; Drum rhythms to warriors (1:45) ; Drum rhythms to rowing a ferry (1:23) ; Song of Grachen (1:31) ; Song of Nangsa #1 (1:30) ; Song of Nangsa #2 (1:15) ; Song of Grapa Samgru (1:34) ; Song of Dzongbakyi (1:46) ; Song of the wandering monk (0:57) ; Drashi (11:19) -- Selections from Amdo Tibetan Opera (Namthar). Slow Section of Made Zangmo (0:42) ; Slow song (0:44) ; Song of Princess Wencheng (0:17) ; Ye alilo (0:28) ; Yungba lesicham (0:30) ; Song for Made Zangmo (0:47) ; Kelzanglo (0:25) ; Gaden kangser (0:33) ; Prologue to shunu tagme (7:04) ; Song by Yiongma (6:36).</subfield>
  </datafield>
  <datafield tag="650" ind1=" " ind2="0">
    <subfield code="a">Operas</subfield>
    <subfield code="z">China</subfield>
    <subfield code="z">Tibet Autonomous Region</subfield>
    <subfield code="v">Excerpts.</subfield>
  </datafield>
  <datafield tag="650" ind1=" " ind2="0">
    <subfield code="a">Music</subfield>
    <subfield code="z">China</subfield>
    <subfield code="z">Tibet Autonomous Region.</subfield>
  </datafield>
  <datafield tag="650" ind1=" " ind2="0">
    <subfield code="a">Vocal music</subfield>
    <subfield code="z">China</subfield>
    <subfield code="z">Tibet Autonomous Region.</subfield>
  </datafield>
  <datafield tag="830" ind1=" " ind2="0">
    <subfield code="a">Anthology of music in China ;</subfield>
    <subfield code="v">5.</subfield>
  </datafield>
  <datafield tag="830" ind1=" " ind2="0">
    <subfield code="a">Ethnic series.</subfield>
  </datafield>
  <datafield tag="049" ind1=" " ind2=" ">
    <subfield code="a">HMUU</subfield>
  </datafield>
</record>