

<record xmlns="http://www.loc.gov/MARC21/slim"
xmlns:xsi="http://www.w3.org/2001/XMLSchema-instance"
xsi:schemaLocation="http://www.loc.gov/MARC21/slim
http://www.loc.gov/standards/marcxml/schema/MARC21slim.xsd">
  <leader>00908cam a2200217Ma 4500</leader>
  <controlfield tag="001">007136948-1</controlfield>
  <controlfield tag="005">20020606163548.3</controlfield>
  <controlfield tag="008">900702s1970    np            000 0 tib d</controlfield>
  <datafield tag="010" ind1=" " ind2=" ">
    <subfield code="a">   78923704</subfield>
  </datafield>
  <datafield tag="035" ind1="0" ind2=" ">
    <subfield code="a">ocm25886064</subfield>
  </datafield>
  <datafield tag="040" ind1=" " ind2=" ">
    <subfield code="a">CUY</subfield>
    <subfield code="c">CUY</subfield>
    <subfield code="d">CRL</subfield>
  </datafield>
  <datafield tag="100" ind1="0" ind2=" ">
    <subfield code="a">Byams-pa-ʾjam-dpal-dbaṅ-phyug.</subfield>
  </datafield>
  <datafield tag="245" ind1="1" ind2="0">
    <subfield code="a">Gsum ldan rdo rje &apos;dzin pa chen po Ṅag-dbaṅ-nor-bu- bzaṅ-po&apos;i thog mtha&apos; bar gsum gyi rnam par thar pa Gsal byed ñi ma gsar pa&apos;i phreṅ ba źes bya ba bźugs so.</subfield>
  </datafield>
  <datafield tag="246" ind1="3" ind2=" ">
    <subfield code="a">Gsal byed ñi ma gsar pa&apos;i phreṅ ba.</subfield>
  </datafield>
  <datafield tag="260" ind1=" " ind2=" ">
    <subfield code="a">[Nepal :</subfield>
    <subfield code="b">Steṅs-po-che Monastery,</subfield>
    <subfield code="c">1970]</subfield>
  </datafield>
  <datafield tag="300" ind1=" " ind2=" ">
    <subfield code="a">12 [i.e. 24] p. ;</subfield>
    <subfield code="c">10 x 37 cm.</subfield>
  </datafield>
  <datafield tag="520" ind1=" " ind2=" ">
    <subfield code="a">In Tibetan; on the last years of the life of Ṅag-dbaṅ- nor-bu-bzaṅ-po (Lama Gulu), 1850-1934, founder of Tengboche Monastery.</subfield>
  </datafield>
  <datafield tag="600" ind1="0" ind2="0">
    <subfield code="a">Ṅag-dbaṅ-nor-bu-bzaṅ-po,</subfield>
    <subfield code="d">1850-1934.</subfield>
  </datafield>
  <datafield tag="610" ind1="2" ind2="0">
    <subfield code="a">Steṅs-po-che (Monastery : Nepal)</subfield>
  </datafield>
</record>