

<record xmlns="http://www.loc.gov/MARC21/slim"
xmlns:xsi="http://www.w3.org/2001/XMLSchema-instance"
xsi:schemaLocation="http://www.loc.gov/MARC21/slim
http://www.loc.gov/standards/marcxml/schema/MARC21slim.xsd">
  <leader>     cam a2200289Ka 4500</leader>
  <controlfield tag="001">007194410-9</controlfield>
  <controlfield tag="005">20070117110830.0</controlfield>
  <controlfield tag="008">070117q17291733cc            000 0 tib d</controlfield>
  <datafield tag="035" ind1="0" ind2=" ">
    <subfield code="a">ocm78582714</subfield>
  </datafield>
  <datafield tag="040" ind1=" " ind2=" ">
    <subfield code="a">HMY</subfield>
    <subfield code="c">HMY</subfield>
    <subfield code="d">HMY</subfield>
  </datafield>
  <datafield tag="130" ind1="0" ind2=" ">
    <subfield code="6">880-01</subfield>
    <subfield code="a">Da zang jing.</subfield>
  </datafield>
  <datafield tag="245" ind1="1" ind2="0">
    <subfield code="a">Derge Kanjur.</subfield>
  </datafield>
  <datafield tag="250" ind1=" " ind2=" ">
    <subfield code="a">Brass plates.</subfield>
  </datafield>
  <datafield tag="260" ind1=" " ind2=" ">
    <subfield code="6">880-02</subfield>
    <subfield code="a">[China :</subfield>
    <subfield code="b">s.n.,</subfield>
    <subfield code="c">Qing Yongzheng jian, between 1729 and 1733]</subfield>
  </datafield>
  <datafield tag="300" ind1=" " ind2=" ">
    <subfield code="a">102 v. ;</subfield>
    <subfield code="c">62.5 x 12 cm.</subfield>
  </datafield>
  <datafield tag="500" ind1=" " ind2=" ">
    <subfield code="a">In Tibetan.</subfield>
  </datafield>
  <datafield tag="500" ind1=" " ind2=" ">
    <subfield code="a">Printed in red ink on both sides of folios, printed area is about 50 x 7 cm.</subfield>
  </datafield>
  <datafield tag="500" ind1=" " ind2=" ">
    <subfield code="a">The standard pages have 7 lines of text on each side.</subfield>
  </datafield>
  <datafield tag="505" ind1="2" ind2=" ">
    <subfield code="a">v.1-13. &apos;Dul-ba : KA, KHA, GA, NGA, CA, CHA, JA, NYA, TA, THA, DA, NA, PA -- v.14-25. &apos;Bum : KA, KHA, GA, NGA, CA, CHA, JA, NYA, TA, THA, DA, A(=NA) -- v.26-28. Nyi-khri : KA, KHA, A(=GA) -- v.29-31A. Khri-brgyad : KA, KHA, GA1 -- v.31B-32. Shes-khri : GA2, NGA -- v.33 Brgyad-stong : KA -- v.34 Sna-tshogs : KA -- v.35-38. Phal-chen : KA, KHA, GA, A(=NGA) -- v.39-44. Dkon-brtsegs : KA, KHA, GA, NGA, CA, CHA -- v.45-76. Mdo : KA, KHA, GA, NGA, CA, CHA, JA, NYA, TA, THA, DA, NA, PA, PHA, BA, MA, TSA, TSHA, DZA, WA, ZHA, ZA, &apos;A, YA, RA, LA, SHA, SA, HA, A, AM, AH -- v.77-96. Rgyud-&apos;bum : KA, KHA, GA, NGA, CA, CHA, JA, NYA, TA, THA, DA, NA, PA, PHA, BA, MA, TSA, TSHA, DZA, WA -- v.97-99. Rnying-rgyud : KA, KHA, GA -- v.100 &apos;Dus-&apos;khor-&apos;grel-bshad : SHRIH -- v.101-102. Gzungs-&apos;dus : E, WAM.</subfield>
  </datafield>
  <datafield tag="650" ind1=" " ind2="0">
    <subfield code="a">Buddhism</subfield>
    <subfield code="v">Sacred books.</subfield>
  </datafield>
  <datafield tag="880" ind1="0" ind2=" ">
    <subfield code="6">130-01</subfield>
    <subfield code="a">大藏經.</subfield>
  </datafield>
  <datafield tag="880" ind1=" " ind2=" ">
    <subfield code="6">260-02</subfield>
    <subfield code="a">[China :</subfield>
    <subfield code="b">s.n.,</subfield>
    <subfield code="c">清雍正間, between 1729 and 1733]</subfield>
  </datafield>
  <datafield tag="049" ind1=" " ind2=" ">
    <subfield code="a">HMYY</subfield>
  </datafield>
</record>