

<record xmlns="http://www.loc.gov/MARC21/slim"
xmlns:xsi="http://www.w3.org/2001/XMLSchema-instance"
xsi:schemaLocation="http://www.loc.gov/MARC21/slim
http://www.loc.gov/standards/marcxml/schema/MARC21slim.xsd">
  <leader>     nam a2200289Ka 4500</leader>
  <controlfield tag="001">007194420-6</controlfield>
  <controlfield tag="005">20070117112240.0</controlfield>
  <controlfield tag="008">070117q19261936cc            001 0 tib d</controlfield>
  <datafield tag="035" ind1="0" ind2=" ">
    <subfield code="a">ocm78589668</subfield>
  </datafield>
  <datafield tag="040" ind1=" " ind2=" ">
    <subfield code="a">HMY</subfield>
    <subfield code="c">HMY</subfield>
  </datafield>
  <datafield tag="130" ind1="0" ind2=" ">
    <subfield code="6">880-01</subfield>
    <subfield code="a">Da zang jing.</subfield>
  </datafield>
  <datafield tag="245" ind1="1" ind2="0">
    <subfield code="a">Lhasa Kanjur.</subfield>
  </datafield>
  <datafield tag="260" ind1=" " ind2=" ">
    <subfield code="6">880-02</subfield>
    <subfield code="a">[Tibet :</subfield>
    <subfield code="b">s.n.,</subfield>
    <subfield code="c">Minguo, between 1926 and 1936]</subfield>
  </datafield>
  <datafield tag="300" ind1=" " ind2=" ">
    <subfield code="a">100 v. ;</subfield>
    <subfield code="c">65.5 x 16 cm.</subfield>
  </datafield>
  <datafield tag="500" ind1=" " ind2=" ">
    <subfield code="a">In Tibetan.</subfield>
  </datafield>
  <datafield tag="500" ind1=" " ind2=" ">
    <subfield code="a">Printed in black ink on both sides of folios, printed area is about 57 x 11 cm.</subfield>
  </datafield>
  <datafield tag="500" ind1=" " ind2=" ">
    <subfield code="a">The standard pages have 7 lines of text on each side (the earlier folios have fewer lines and larger types).</subfield>
  </datafield>
  <datafield tag="500" ind1=" " ind2=" ">
    <subfield code="a">Includes index (Dkar-chag).</subfield>
  </datafield>
  <datafield tag="505" ind1="2" ind2=" ">
    <subfield code="a">v.1-13. &apos;Dul-ba : KA, KHA, GA, NGA, CA, CHA, JA, NYA, TA, THA, DA, NA, PA -- v.14-25. &apos;Bum : KA, KHA, GA, NGA, CA, CHA, JA, NYA, TA, THA, DA, NA -- v.26-28. Nyi-khri : KA, KHA, GA -- v.29 Brgyad-stong : KA -- v.30-31. Khri-brgyad : KA, KHA -- v.32-33. Shes-khri : GA, KA -- v.34 Sna-tshogs : KA -- v.35-40. Dkon-brtsegs : KA, KHA, GA, NGA, CA, CHA -- v.41-46. Phal-chen : KA, KHA, GA, NGA, CA, CHA -- v.47-76. Mdo : KA, KHA, GA, NGA, CA, CHA, JA, NYA, TA, THA, DA, NA, PA, PHA, BA, MA, TSA, TSHA, DZA, WA, ZHA, ZA, &apos;A, YA, RA, LA, SHA, SA, HA, A -- v.77-78. Myang-&apos;das : KA, KHA -- v.79-99 Rgyud : KA, KHA, GA, NGA, CA, CHA, JA, NYA, TA, THA, DA, NA, PA, PHA, BA, MA, TSA, TSHA, DZA, WA, ZHA -- v.100 Dkar-chag.</subfield>
  </datafield>
  <datafield tag="650" ind1=" " ind2="0">
    <subfield code="a">Buddhism</subfield>
    <subfield code="v">Sacred books.</subfield>
  </datafield>
  <datafield tag="880" ind1="0" ind2=" ">
    <subfield code="6">130-01</subfield>
    <subfield code="a">大藏經.</subfield>
  </datafield>
  <datafield tag="880" ind1=" " ind2=" ">
    <subfield code="6">260-02</subfield>
    <subfield code="a">[Tibet :</subfield>
    <subfield code="b">s.n.,</subfield>
    <subfield code="c">民國, between 1926 and 1936]</subfield>
  </datafield>
  <datafield tag="049" ind1=" " ind2=" ">
    <subfield code="a">HMYY</subfield>
  </datafield>
</record>