

<record xmlns="http://www.loc.gov/MARC21/slim"
xmlns:xsi="http://www.w3.org/2001/XMLSchema-instance"
xsi:schemaLocation="http://www.loc.gov/MARC21/slim
http://www.loc.gov/standards/marcxml/schema/MARC21slim.xsd">
  <leader>01093nam a2200265Ii 4500</leader>
  <controlfield tag="001">007298678-6</controlfield>
  <controlfield tag="005">20070514084043.0</controlfield>
  <controlfield tag="008">790830s1901    ii            001 0 tibrd</controlfield>
  <datafield tag="020" ind1=" " ind2=" ">
    <subfield code="c">Re1.00</subfield>
  </datafield>
  <datafield tag="035" ind1="0" ind2=" ">
    <subfield code="a">ocm05325803</subfield>
  </datafield>
  <datafield tag="040" ind1=" " ind2=" ">
    <subfield code="a">IUL</subfield>
    <subfield code="c">IUL</subfield>
    <subfield code="d">HLS</subfield>
  </datafield>
  <datafield tag="090" ind1=" " ind2=" ">
    <subfield code="a">PK541</subfield>
    <subfield code="b">.B5 1901</subfield>
  </datafield>
  <datafield tag="100" ind1="0" ind2=" ">
    <subfield code="a">Bhaṭṭojī Dīkṣita.</subfield>
  </datafield>
  <datafield tag="245" ind1="0" ind2="0">
    <subfield code="a">Kauṇḍabhaṭṭaviracitavaiyākarabhūṣanạ-sārākhyavyākhyāsametāḥ Bhaṭṭojidīkṣitapraṇītavaiyākaraṇa-siddhāntakārikāḥ :</subfield>
    <subfield code="b">Kārikādyacarana-pratīkākārādivarṇānukramādibhiḥ sanāthīkr̥tāśca /</subfield>
    <subfield code="c">etatpustakam Ānandāśramasthapaṇḍitaiḥ saṃśodhitam.</subfield>
  </datafield>
  <datafield tag="246" ind1="3" ind2=" ">
    <subfield code="a">Vaiyākaraṇasiddhāntakārikā.</subfield>
  </datafield>
  <datafield tag="260" ind1=" " ind2=" ">
    <subfield code="a">Puṇyākhyapattane :</subfield>
    <subfield code="b">Ānandāśramamudraṇālaye,</subfield>
    <subfield code="c">1901.</subfield>
  </datafield>
  <datafield tag="300" ind1=" " ind2=" ">
    <subfield code="a">64, 2 p. ;</subfield>
    <subfield code="c">25 cm.</subfield>
  </datafield>
  <datafield tag="440" ind1=" " ind2="0">
    <subfield code="a">Ānandaśramasaṃskṛtagranthāvaliḥ ;</subfield>
    <subfield code="v">granthāṅkaḥ 43</subfield>
  </datafield>
  <datafield tag="650" ind1=" " ind2="0">
    <subfield code="a">Sanskrit language</subfield>
    <subfield code="x">Grammar.</subfield>
  </datafield>
  <datafield tag="650" ind1=" " ind2="0">
    <subfield code="a">Sanskrit language</subfield>
    <subfield code="x">Texts.</subfield>
  </datafield>
  <datafield tag="700" ind1="0" ind2="2">
    <subfield code="a">Kauṇḍa Bahṭṭa.</subfield>
    <subfield code="t">Vaiyākarbhūṣaṇasāra.</subfield>
  </datafield>
</record>