

<record xmlns="http://www.loc.gov/MARC21/slim"
xmlns:xsi="http://www.w3.org/2001/XMLSchema-instance"
xsi:schemaLocation="http://www.loc.gov/MARC21/slim
http://www.loc.gov/standards/marcxml/schema/MARC21slim.xsd">
  <leader>     cam a2200301Ka 4500</leader>
  <controlfield tag="001">007345219-X</controlfield>
  <controlfield tag="005">20070117105602.0</controlfield>
  <controlfield tag="008">070117q17301732cc            001 0 tib d</controlfield>
  <datafield tag="035" ind1="0" ind2=" ">
    <subfield code="a">ocm78573358</subfield>
  </datafield>
  <datafield tag="040" ind1=" " ind2=" ">
    <subfield code="a">HMY</subfield>
    <subfield code="c">HMY</subfield>
    <subfield code="d">HMY</subfield>
  </datafield>
  <datafield tag="130" ind1="0" ind2=" ">
    <subfield code="6">880-01</subfield>
    <subfield code="a">Da zang jing.</subfield>
  </datafield>
  <datafield tag="245" ind1="1" ind2="0">
    <subfield code="a">Narthang Kanjur.</subfield>
  </datafield>
  <datafield tag="260" ind1=" " ind2=" ">
    <subfield code="6">880-02</subfield>
    <subfield code="a">[China :</subfield>
    <subfield code="b">s.n.,</subfield>
    <subfield code="c">Qing Yongzheng jian, between 1730 and 1732]</subfield>
  </datafield>
  <datafield tag="300" ind1=" " ind2=" ">
    <subfield code="a">100 v. ;</subfield>
    <subfield code="c">63 x 18 cm.</subfield>
  </datafield>
  <datafield tag="500" ind1=" " ind2=" ">
    <subfield code="a">In Tibetan.</subfield>
  </datafield>
  <datafield tag="500" ind1=" " ind2=" ">
    <subfield code="a">Printed in black ink on both sides of folios, printed area is about 56-56.5 x 11-11.5cm.</subfield>
  </datafield>
  <datafield tag="500" ind1=" " ind2=" ">
    <subfield code="a">The standard pages (after 3b) have 7 lines of text on each side (earlier pages have fewer lines in larger type).</subfield>
  </datafield>
  <datafield tag="500" ind1=" " ind2=" ">
    <subfield code="a">Includes index (Dkar-chag).</subfield>
  </datafield>
  <datafield tag="500" ind1=" " ind2=" ">
    <subfield code="a">V.90 (Rgyud : DA, texts nos.456-489) is tually a manuscript.</subfield>
  </datafield>
  <datafield tag="505" ind1="2" ind2=" ">
    <subfield code="a">v.1-13. &apos;Dul-ba : KA, KHA, GA, NGA, CA, CHA, JA, NYA, TA, THA, DA, NA, PA -- v.14-25. &apos;Bum : KA, KHA, GA, NGA, CA, CHA, JA, NYA, TA, THA, DA, NA -- v.26-28. Nyi-khri : KA, KHA, GA -- v.29-31. Khri-brgyad : KA, KHA, GA -- v.32 Shes-khri : KA -- v.33 Brgyad-stong : KA -- v.34 Sna-tshogs : KA -- v.35-40. Phal-chen : KA, KHA, GA, NGA, CA, CHA -- v.41-46. Dkon-brtsegs : KA, KHA, GA, NGA, CA, CHA -- v.47-77. Mdo : KA, KHA, GA, NGA, CA, CHA, JA, NYA, TA, THA, DA, NA, PA, PHA, BA, MA, TSA, TSHA, DZA, WA, ZHA, ZA, &apos;A, YA, RA, LA, SHA, SA, HA, A, KI -- v.78-79. Myang-&apos;das : KA, KHA -- v.80-100. Rgyud : KA, KHA, GA, NGA, CA, CHA, JA, NYA, TA, THA, DA, NA, PA, PHA, BA, MA, TSA, TSHA, DZA, WA, ZHA.</subfield>
  </datafield>
  <datafield tag="650" ind1=" " ind2="0">
    <subfield code="a">Buddhism</subfield>
    <subfield code="v">Sacred books.</subfield>
  </datafield>
  <datafield tag="880" ind1="0" ind2=" ">
    <subfield code="6">130-01</subfield>
    <subfield code="a">大藏經.</subfield>
  </datafield>
  <datafield tag="880" ind1=" " ind2=" ">
    <subfield code="6">260-02</subfield>
    <subfield code="a">[China :</subfield>
    <subfield code="b">s.n.,</subfield>
    <subfield code="c">清雍正間, between 1730 and 1732]</subfield>
  </datafield>
  <datafield tag="049" ind1=" " ind2=" ">
    <subfield code="a">HMYY</subfield>
  </datafield>
</record>