

<record xmlns="http://www.loc.gov/MARC21/slim"
xmlns:xsi="http://www.w3.org/2001/XMLSchema-instance"
xsi:schemaLocation="http://www.loc.gov/MARC21/slim
http://www.loc.gov/standards/marcxml/schema/MARC21slim.xsd">
  <leader>01333cam a2200289Ii 4500</leader>
  <controlfield tag="001">007352352-6</controlfield>
  <controlfield tag="005">20020606163548.3</controlfield>
  <controlfield tag="008">780913s1962    np a          000 0 tibrd</controlfield>
  <datafield tag="010" ind1=" " ind2=" ">
    <subfield code="a">   79929009</subfield>
  </datafield>
  <datafield tag="035" ind1="0" ind2=" ">
    <subfield code="a">ocm04221443</subfield>
  </datafield>
  <datafield tag="040" ind1=" " ind2=" ">
    <subfield code="a">IUL</subfield>
    <subfield code="c">IUL</subfield>
    <subfield code="d">IUL</subfield>
    <subfield code="d">HLS</subfield>
  </datafield>
  <datafield tag="090" ind1=" " ind2=" ">
    <subfield code="a">PL3611.T53</subfield>
    <subfield code="b">G78 1962</subfield>
  </datafield>
  <datafield tag="100" ind1="0" ind2=" ">
    <subfield code="a">Gser-tog Blo-bzaṅ-tshul-khrims-rgya-mtsho,</subfield>
    <subfield code="d">1845-</subfield>
  </datafield>
  <datafield tag="245" ind1="1" ind2="0">
    <subfield code="a">Bod kyi brdaʼ sprod pa Sum cu pa daṅ Rtags kyi ʼjug paʼi mchan ʼgrel mdor bsdus te brjod pa ṅo mtshar ʼphrul gyi lde mig</subfield>
    <subfield code="b">ces bya ba bźugs so = Sum-chu-pa and Rtags-kyi-hjug-pa : a wonder key to the Tibetan grammer [sic] = Tivbatīya bhāṣā vyākharaṇa /</subfield>
    <subfield code="c">[Gser-tog skyes miṅ ʼdzin paʼi sṅags ʼchaṅ gyi na pa Blo-bzaṅ-tshul-khrims-rgya-mtshos sug bris su bgyis paʼo]</subfield>
  </datafield>
  <datafield tag="260" ind1=" " ind2=" ">
    <subfield code="a">[Kathmandu :</subfield>
    <subfield code="b">Gurudeva Lama,</subfield>
    <subfield code="c">1962].</subfield>
  </datafield>
  <datafield tag="300" ind1=" " ind2=" ">
    <subfield code="a">282 p. :</subfield>
    <subfield code="b">ill. ;</subfield>
    <subfield code="c">25 cm.</subfield>
  </datafield>
  <datafield tag="500" ind1=" " ind2=" ">
    <subfield code="a">Cover title.</subfield>
  </datafield>
  <datafield tag="500" ind1=" " ind2=" ">
    <subfield code="a">&quot;Bya byed las gsum dus gsum daṅ bcas paʼi dper brjod&quot;: p. 192-229.</subfield>
  </datafield>
  <datafield tag="600" ind1="0" ind2="0">
    <subfield code="a">Thon-mi Sambhoṭa,</subfield>
    <subfield code="d">active 632.</subfield>
    <subfield code="t">Sum cu pa.</subfield>
  </datafield>
  <datafield tag="600" ind1="0" ind2="0">
    <subfield code="a">Thon-mi Sambhoṭa,</subfield>
    <subfield code="d">active 632.</subfield>
    <subfield code="t">Rtags kyi ʼjug pa.</subfield>
  </datafield>
  <datafield tag="650" ind1=" " ind2="0">
    <subfield code="a">Tibetan language</subfield>
    <subfield code="x">Grammar.</subfield>
  </datafield>
  <datafield tag="650" ind1=" " ind2="0">
    <subfield code="a">Tibetan language</subfield>
    <subfield code="x">Texts.</subfield>
  </datafield>
  <datafield tag="700" ind1="0" ind2="2">
    <subfield code="a">Thon-mi Sambhoṭa,</subfield>
    <subfield code="d">active 632.</subfield>
    <subfield code="t">Sum cu pa.</subfield>
  </datafield>
  <datafield tag="700" ind1="0" ind2="2">
    <subfield code="a">Thon-mi Sambhoṭa,</subfield>
    <subfield code="d">active 632.</subfield>
    <subfield code="t">Rtags kyi ʼjug pa.</subfield>
  </datafield>
</record>