

<record xmlns="http://www.loc.gov/MARC21/slim"
xmlns:xsi="http://www.w3.org/2001/XMLSchema-instance"
xsi:schemaLocation="http://www.loc.gov/MARC21/slim
http://www.loc.gov/standards/marcxml/schema/MARC21slim.xsd">
  <leader>01747nam a2200373Ii 4500</leader>
  <controlfield tag="001">007352356-9</controlfield>
  <controlfield tag="005">20090713012047.0</controlfield>
  <controlfield tag="008">790130s1960    ii       b    000 0 tibrd</controlfield>
  <datafield tag="010" ind1=" " ind2=" ">
    <subfield code="a">sa 65000840</subfield>
  </datafield>
  <datafield tag="020" ind1=" " ind2=" ">
    <subfield code="c">Rs55.00</subfield>
  </datafield>
  <datafield tag="035" ind1="0" ind2=" ">
    <subfield code="a">ocm04599469</subfield>
  </datafield>
  <datafield tag="040" ind1=" " ind2=" ">
    <subfield code="a">IUL</subfield>
    <subfield code="c">IUL</subfield>
    <subfield code="d">HLS</subfield>
  </datafield>
  <datafield tag="090" ind1=" " ind2=" ">
    <subfield code="a">BQ7735</subfield>
    <subfield code="b">.S3 1960</subfield>
  </datafield>
  <datafield tag="100" ind1="0" ind2=" ">
    <subfield code="a">Saṅs-rgyas-rgya-mtsho,</subfield>
    <subfield code="c">Sde-srid,</subfield>
    <subfield code="d">1653-1705.</subfield>
  </datafield>
  <datafield tag="245" ind1="1" ind2="0">
    <subfield code="a">Baiḍūrya ser po =</subfield>
    <subfield code="b">Vaiḍūrya-ser-po : a history of the Dge-lugs-pa monasteries of Tibet /</subfield>
    <subfield code="c">written by the Regent Saṅs-rgyas-rgya-mtsho; and, Tshaṅs glu gsar sñan = The annals of Kokonor / written by Sum-pa-mkhan-po Ye-śes-dpal-ḥbyor ; edited by Lokesh Chandra ; with a foreword by L. Petech.</subfield>
  </datafield>
  <datafield tag="246" ind1="3" ind2=" ">
    <subfield code="a">Vaiḍūrya ser po.</subfield>
  </datafield>
  <datafield tag="246" ind1="3" ind2=" ">
    <subfield code="a">Bai ḍūr ser poʾi me loṅ.</subfield>
  </datafield>
  <datafield tag="246" ind1="3" ind2=" ">
    <subfield code="a">Tshaṅs glu gsar sñan.</subfield>
  </datafield>
  <datafield tag="260" ind1=" " ind2=" ">
    <subfield code="a">New Delhi :</subfield>
    <subfield code="b">International Academy of Indian Culture,</subfield>
    <subfield code="c">1960.</subfield>
  </datafield>
  <datafield tag="300" ind1=" " ind2=" ">
    <subfield code="a">xiv, 458 p. ;</subfield>
    <subfield code="c">29 cm.</subfield>
  </datafield>
  <datafield tag="490" ind1="1" ind2=" ">
    <subfield code="a">Śatapiṭaka ;</subfield>
    <subfield code="v">v. 12, [pts.] 1-2 : Bhoṭa-piṭaka ; v. 5</subfield>
  </datafield>
  <datafield tag="500" ind1=" " ind2=" ">
    <subfield code="a">Added titles in Tibetan.</subfield>
  </datafield>
  <datafield tag="500" ind1=" " ind2=" ">
    <subfield code="a">Text in Tibetan; foreword in English.</subfield>
  </datafield>
  <datafield tag="500" ind1=" " ind2=" ">
    <subfield code="a">Includes bibliographical footnotes.</subfield>
  </datafield>
  <datafield tag="505" ind1="0" ind2=" ">
    <subfield code="a">Dpal mñam med Ri-bo Dgaʾ-ldan-paʾi bstan pa Źwa-ser-cod-pan-ʾchaṅ-baʾi riṅ lugs chos thams cad kyi rtsa ba gsal bar byed pa Bai ḍūr ser poʾi me loṅ.--Mtsho sṅan gyi lo rgyus sogs bkod paʾi Tshaṅs glu gsar sñan.</subfield>
  </datafield>
  <datafield tag="650" ind1=" " ind2="0">
    <subfield code="a">Tibetan language</subfield>
    <subfield code="v">Texts.</subfield>
  </datafield>
  <datafield tag="650" ind1=" " ind2="0">
    <subfield code="a">Monasteries, Buddhist</subfield>
    <subfield code="z">China</subfield>
    <subfield code="z">Tibet Autonomous Region</subfield>
    <subfield code="x">History.</subfield>
  </datafield>
  <datafield tag="650" ind1=" " ind2="0">
    <subfield code="a">Buddhism</subfield>
    <subfield code="x">History.</subfield>
  </datafield>
  <datafield tag="700" ind1="0" ind2="2">
    <subfield code="a">Sum-pa Mkhan-po Ye-śes-dpal-ʼbyor,</subfield>
    <subfield code="d">1704-1788.</subfield>
    <subfield code="t">Tshaṅs glu gsar sñan.</subfield>
  </datafield>
  <datafield tag="830" ind1=" " ind2="0">
    <subfield code="a">Śata-piṭaka series.</subfield>
    <subfield code="p">Bhoṭa-piṭaka ;</subfield>
    <subfield code="v">v. 5, pts. 1-2.</subfield>
  </datafield>
  <datafield tag="830" ind1=" " ind2="0">
    <subfield code="a">Śata-piṭaka series ;</subfield>
    <subfield code="v">v. 12, pts. 1-2.</subfield>
  </datafield>
</record>