

<record xmlns="http://www.loc.gov/MARC21/slim"
xmlns:xsi="http://www.w3.org/2001/XMLSchema-instance"
xsi:schemaLocation="http://www.loc.gov/MARC21/slim
http://www.loc.gov/standards/marcxml/schema/MARC21slim.xsd">
  <leader>01292nam a2200325Ii 4500</leader>
  <controlfield tag="001">007352363-1</controlfield>
  <controlfield tag="005">20090713012047.0</controlfield>
  <controlfield tag="008">800221s1966    ii            000 0 tibod</controlfield>
  <datafield tag="010" ind1=" " ind2=" ">
    <subfield code="a">sa 68020186</subfield>
  </datafield>
  <datafield tag="020" ind1=" " ind2=" ">
    <subfield code="c">Rs10.00</subfield>
  </datafield>
  <datafield tag="035" ind1="0" ind2=" ">
    <subfield code="a">ocm06006050</subfield>
  </datafield>
  <datafield tag="040" ind1=" " ind2=" ">
    <subfield code="a">IUL</subfield>
    <subfield code="c">IUL</subfield>
    <subfield code="d">HLS</subfield>
  </datafield>
  <datafield tag="090" ind1=" " ind2=" ">
    <subfield code="a">BQ3147</subfield>
    <subfield code="b">.M57 1966</subfield>
  </datafield>
  <datafield tag="100" ind1="0" ind2=" ">
    <subfield code="a">Mi-pham-rgya-mtsho,</subfield>
    <subfield code="c">ʼJam-mgon ʼJu,</subfield>
    <subfield code="d">1846-1912.</subfield>
  </datafield>
  <datafield tag="245" ind1="1" ind2="0">
    <subfield code="a">Śes rab leʼuʼi tshig don go sla bar rnam par bśad pa nor bu ke ta ka źes bya ba :</subfield>
    <subfield code="b">Sher-hgrel-norbu-ketaka /</subfield>
    <subfield code="c">commentaries by Ajitaguru.</subfield>
  </datafield>
  <datafield tag="246" ind1="3" ind2=" ">
    <subfield code="a">Sher-hgrel-norbu-ketaka.</subfield>
  </datafield>
  <datafield tag="246" ind1="3" ind2=" ">
    <subfield code="a">Nor-bu-ke-ta-ka.</subfield>
  </datafield>
  <datafield tag="246" ind1="3" ind2=" ">
    <subfield code="a">Brda śan ʼbyed the tshom dra ba gcod paʼi ral gri źes bya ba.</subfield>
  </datafield>
  <datafield tag="260" ind1=" " ind2=" ">
    <subfield code="a">[Varanasi :</subfield>
    <subfield code="b">Tarthang Tulku,</subfield>
    <subfield code="c">1966.]</subfield>
  </datafield>
  <datafield tag="300" ind1=" " ind2=" ">
    <subfield code="a">127 p. ;</subfield>
    <subfield code="c">22 cm.</subfield>
  </datafield>
  <datafield tag="500" ind1=" " ind2=" ">
    <subfield code="a">In Tibetan.</subfield>
  </datafield>
  <datafield tag="500" ind1=" " ind2=" ">
    <subfield code="a">Includes the author&apos;s Brda śan ʼbyed the tshom dra ba gcod paʼi ral gri źes bya ba.</subfield>
  </datafield>
  <datafield tag="500" ind1=" " ind2=" ">
    <subfield code="a">&quot;Commentaries on the ninth chapter of Santideva&apos;s Bodhicaryavatara.&quot;</subfield>
  </datafield>
  <datafield tag="650" ind1=" " ind2="0">
    <subfield code="a">Tibetan language</subfield>
    <subfield code="v">Texts.</subfield>
  </datafield>
  <datafield tag="600" ind1="0" ind2="0">
    <subfield code="a">Śāntideva,</subfield>
    <subfield code="d">active 7th century.</subfield>
    <subfield code="t">Bodhicaryāvatāra.</subfield>
  </datafield>
  <datafield tag="650" ind1=" " ind2="0">
    <subfield code="a">Rñiṅ-ma-pa (Sect)</subfield>
  </datafield>
  <datafield tag="700" ind1="0" ind2=" ">
    <subfield code="a">Mi-pham-rgya-mtsho,</subfield>
    <subfield code="c">ʼJam-mgon ʼJu,</subfield>
    <subfield code="d">1846-1912.</subfield>
    <subfield code="t">Brda śan ʼbyed the tshom dra ba gcod paʼi ral gri źes bya ba.</subfield>
  </datafield>
</record>