

<record xmlns="http://www.loc.gov/MARC21/slim"
xmlns:xsi="http://www.w3.org/2001/XMLSchema-instance"
xsi:schemaLocation="http://www.loc.gov/MARC21/slim
http://www.loc.gov/standards/marcxml/schema/MARC21slim.xsd">
  <leader>01167nam a2200277Ii 4500</leader>
  <controlfield tag="001">007352365-8</controlfield>
  <controlfield tag="005">20020606163548.3</controlfield>
  <controlfield tag="008">800529s1966    ii a          000 0 tibod</controlfield>
  <datafield tag="020" ind1=" " ind2=" ">
    <subfield code="c">Rs32.00</subfield>
  </datafield>
  <datafield tag="035" ind1="0" ind2=" ">
    <subfield code="a">ocm06368858</subfield>
  </datafield>
  <datafield tag="040" ind1=" " ind2=" ">
    <subfield code="a">IUL</subfield>
    <subfield code="c">IUL</subfield>
    <subfield code="d">HLS</subfield>
  </datafield>
  <datafield tag="090" ind1=" " ind2=" ">
    <subfield code="a">BQ2910.M367</subfield>
    <subfield code="b">S3 1966</subfield>
  </datafield>
  <datafield tag="100" ind1="0" ind2=" ">
    <subfield code="a">Saṅs-rgyas-bstan-ʾdzin,</subfield>
    <subfield code="c">Sa-skya Mkhan-po.</subfield>
  </datafield>
  <datafield tag="245" ind1="1" ind2="0">
    <subfield code="a">Dbu ma la ʾjug paʾi rtsa baʾi sbyor tik zla ba dgoṅs bcud sñiṅ po rab gsal źes bya ba bźugs so /</subfield>
    <subfield code="c">[Sa-skya Mkhan-ṗo Saṅs-rgyas-bstan-ʾdzin-pas spel baʾo.</subfield>
  </datafield>
  <datafield tag="246" ind1="3" ind2=" ">
    <subfield code="a">Zla baʾi dgoṅs bcud sñiṅ po rab gsal.</subfield>
  </datafield>
  <datafield tag="260" ind1=" " ind2=" ">
    <subfield code="a">Ma-su-ri? :</subfield>
    <subfield code="b">s.n.,</subfield>
    <subfield code="c">1966?]</subfield>
  </datafield>
  <datafield tag="300" ind1=" " ind2=" ">
    <subfield code="a">335 p. ;</subfield>
    <subfield code="c">9 x 36 cm.</subfield>
  </datafield>
  <datafield tag="500" ind1=" " ind2=" ">
    <subfield code="a">In Tibetan.</subfield>
  </datafield>
  <datafield tag="500" ind1=" " ind2=" ">
    <subfield code="a">Contains the author&apos;s Bstan bcos chen po Dbu ma la ʾjug paʾi sa bcad zla baʾi dgoṅs pa rab gsal kun daʾi ʾphreṅ ba źes bya ba.</subfield>
  </datafield>
  <datafield tag="600" ind1="0" ind2="0">
    <subfield code="a">Candrakīrti.</subfield>
    <subfield code="t">Madhyamakāvatāra.</subfield>
  </datafield>
  <datafield tag="650" ind1=" " ind2="0">
    <subfield code="a">Sa-skya-pa (Sect)</subfield>
  </datafield>
  <datafield tag="650" ind1=" " ind2="0">
    <subfield code="a">Tibetan language</subfield>
    <subfield code="x">Texts.</subfield>
  </datafield>
  <datafield tag="700" ind1="0" ind2=" ">
    <subfield code="a">Saṅs-rgyas-bstan-ʾdzin,</subfield>
    <subfield code="c">Sa-skya Mkhan-po.</subfield>
    <subfield code="t">Bstan bcos chen po Dbu ma la ʾjug paʾi sa bcad zla baʾi dgoṅs pa rab gsal kun daʾi ʾphreṅ ba źes bya ba.</subfield>
  </datafield>
</record>