

<record xmlns="http://www.loc.gov/MARC21/slim"
xmlns:xsi="http://www.w3.org/2001/XMLSchema-instance"
xsi:schemaLocation="http://www.loc.gov/MARC21/slim
http://www.loc.gov/standards/marcxml/schema/MARC21slim.xsd">
  <leader>01303nam a2200313Ia 4500</leader>
  <controlfield tag="001">007352407-7</controlfield>
  <controlfield tag="005">20020606163548.3</controlfield>
  <controlfield tag="008">820825s1963    ii            000 0 tibod</controlfield>
  <datafield tag="020" ind1=" " ind2=" ">
    <subfield code="c">Rs9.60</subfield>
  </datafield>
  <datafield tag="035" ind1="0" ind2=" ">
    <subfield code="a">ocm08718031</subfield>
  </datafield>
  <datafield tag="040" ind1=" " ind2=" ">
    <subfield code="a">IUL</subfield>
    <subfield code="c">IUL</subfield>
    <subfield code="d">HLS</subfield>
  </datafield>
  <datafield tag="043" ind1=" " ind2=" ">
    <subfield code="a">a-cc-ti</subfield>
  </datafield>
  <datafield tag="090" ind1=" " ind2=" ">
    <subfield code="a">BQ7432.M73</subfield>
    <subfield code="b">K37 1963</subfield>
  </datafield>
  <datafield tag="100" ind1="0" ind2=" ">
    <subfield code="a">Karma-ṅes-don-sñiṅ-po,</subfield>
    <subfield code="c">Rgyal-sras.</subfield>
  </datafield>
  <datafield tag="240" ind1="1" ind2="0">
    <subfield code="a">Sdom gsum rnam ṅes kyi ʼgrel pa</subfield>
  </datafield>
  <datafield tag="245" ind1="1" ind2="0">
    <subfield code="a">Raṅ bźin Rdzogs pa chen poʼi lam gyi cha lag Sdom pa gsum rnam par ṅes paʼi bstan bcos kyi tshig don legs paʼi ʼgrel pa ʼJam-dbyaṅs-dgyes-par źal luṅ źes bya ba bźugs so /</subfield>
    <subfield code="c">[Karma-ṅes-don-sñiṅ-po Gźan-phan-chos-kyi-dbaṅ-phyug gam Gsuṅ-rabs-phreṅ-ba Bdud-rtsiʼi-sgra-dbyaṅs ... sbyar]</subfield>
  </datafield>
  <datafield tag="246" ind1="3" ind2=" ">
    <subfield code="a">ʼJam-dbyaṅs-dgyes-par źal luṅ.</subfield>
  </datafield>
  <datafield tag="260" ind1=" " ind2=" ">
    <subfield code="a">[Ka-sbug :</subfield>
    <subfield code="b">Phun-gliṅ-gsuṅ-rab-ñams-gso-rgyun-spel-par-khaṅ,</subfield>
    <subfield code="c">1963]</subfield>
  </datafield>
  <datafield tag="300" ind1=" " ind2=" ">
    <subfield code="a">96 [i.e. 191] p. ;</subfield>
    <subfield code="c">9 x 41 cm.</subfield>
  </datafield>
  <datafield tag="500" ind1=" " ind2=" ">
    <subfield code="a">In Tibetan.</subfield>
  </datafield>
  <datafield tag="500" ind1=" " ind2=" ">
    <subfield code="a">&quot;Dil-mgo Mkhyen-sprul-pas gus śiṅ dad pas bris.&quot;</subfield>
  </datafield>
  <datafield tag="600" ind1="0" ind2="0">
    <subfield code="a">Mṅaʼ-ris Paṇ-chen Padma-dbaṅ-rgyal,</subfield>
    <subfield code="d">1487 or 1488-1542 or 1543.</subfield>
    <subfield code="t">Sdom gsum rnam ṅes.</subfield>
  </datafield>
  <datafield tag="650" ind1=" " ind2="0">
    <subfield code="a">Trisaṃvara (Buddhism)</subfield>
  </datafield>
  <datafield tag="650" ind1=" " ind2="0">
    <subfield code="a">Rdzogs chen.</subfield>
  </datafield>
  <datafield tag="650" ind1=" " ind2="0">
    <subfield code="a">Rñiṅ-ma-pa (Sect)</subfield>
    <subfield code="x">Doctrines.</subfield>
  </datafield>
  <datafield tag="650" ind1=" " ind2="0">
    <subfield code="a">Tibetan language</subfield>
    <subfield code="x">Texts.</subfield>
  </datafield>
</record>