

<record xmlns="http://www.loc.gov/MARC21/slim"
xmlns:xsi="http://www.w3.org/2001/XMLSchema-instance"
xsi:schemaLocation="http://www.loc.gov/MARC21/slim
http://www.loc.gov/standards/marcxml/schema/MARC21slim.xsd">
  <leader>00885cam a2200277Ia 4500</leader>
  <controlfield tag="001">007352411-5</controlfield>
  <controlfield tag="005">20020606163548.3</controlfield>
  <controlfield tag="008">820923s1966    ii            000 0 tibod</controlfield>
  <datafield tag="020" ind1=" " ind2=" ">
    <subfield code="c">Rs6.00</subfield>
  </datafield>
  <datafield tag="035" ind1="0" ind2=" ">
    <subfield code="a">ocm08799399</subfield>
  </datafield>
  <datafield tag="040" ind1=" " ind2=" ">
    <subfield code="a">IUL</subfield>
    <subfield code="c">IUL</subfield>
    <subfield code="d">HLS</subfield>
  </datafield>
  <datafield tag="043" ind1=" " ind2=" ">
    <subfield code="a">a-cc-ti</subfield>
  </datafield>
  <datafield tag="090" ind1=" " ind2=" ">
    <subfield code="a">BQ7971.5</subfield>
    <subfield code="b">.G951 1966</subfield>
  </datafield>
  <datafield tag="130" ind1="0" ind2=" ">
    <subfield code="a">Gzi brjid.</subfield>
    <subfield code="n">Ch. 24.</subfield>
  </datafield>
  <datafield tag="245" ind1="0" ind2="0">
    <subfield code="a">ʾDus pa rin po cheʾi rgyud dri ma med pa Gzi brjid rab tu ʾbar baʾi mdo las :</subfield>
    <subfield code="b">ʾGro ba thar par draṅs paʾi mdo bźugs so.</subfield>
  </datafield>
  <datafield tag="246" ind1="3" ind2=" ">
    <subfield code="a">ʾGro ba thar par draṅs paʾi mdo.</subfield>
  </datafield>
  <datafield tag="260" ind1=" " ind2=" ">
    <subfield code="a">[Ldi-li :</subfield>
    <subfield code="b">s.n.,</subfield>
    <subfield code="c">1966?]</subfield>
  </datafield>
  <datafield tag="300" ind1=" " ind2=" ">
    <subfield code="a">178 p. ;</subfield>
    <subfield code="c">8 x 36 cm.</subfield>
  </datafield>
  <datafield tag="500" ind1=" " ind2=" ">
    <subfield code="a">In cursive Tibetan.</subfield>
  </datafield>
  <datafield tag="600" ind1="0" ind2="0">
    <subfield code="a">Gśen-rab,</subfield>
    <subfield code="c">Mi-bo.</subfield>
  </datafield>
  <datafield tag="650" ind1=" " ind2="0">
    <subfield code="a">Bon lamas</subfield>
    <subfield code="z">China</subfield>
    <subfield code="z">Tibet Autonomous Region</subfield>
    <subfield code="x">Biography.</subfield>
  </datafield>
  <datafield tag="650" ind1=" " ind2="0">
    <subfield code="a">Tibetan language</subfield>
    <subfield code="x">Texts.</subfield>
  </datafield>
  <datafield tag="700" ind1="0" ind2=" ">
    <subfield code="a">Blo-ldan-sñiṅ-po,</subfield>
    <subfield code="d">1360-1385?</subfield>
    <subfield code="t">Gzi brjid.</subfield>
    <subfield code="n">Ch. 24.</subfield>
  </datafield>
</record>