

<record xmlns="http://www.loc.gov/MARC21/slim"
xmlns:xsi="http://www.w3.org/2001/XMLSchema-instance"
xsi:schemaLocation="http://www.loc.gov/MARC21/slim
http://www.loc.gov/standards/marcxml/schema/MARC21slim.xsd">
  <leader>01109nam a2200313Ia 4500</leader>
  <controlfield tag="001">007352412-3</controlfield>
  <controlfield tag="005">20090713012049.0</controlfield>
  <controlfield tag="008">820923s1965    ii            000 0 tibod</controlfield>
  <datafield tag="020" ind1=" " ind2=" ">
    <subfield code="c">Rs20.00 per volume</subfield>
  </datafield>
  <datafield tag="035" ind1="0" ind2=" ">
    <subfield code="a">ocm08799561</subfield>
  </datafield>
  <datafield tag="035" ind1="0" ind2=" ">
    <subfield code="a">ocm08799561</subfield>
    <subfield code="z">ocm25577783</subfield>
  </datafield>
  <datafield tag="040" ind1=" " ind2=" ">
    <subfield code="a">IUL</subfield>
    <subfield code="c">IUL</subfield>
    <subfield code="d">HLS</subfield>
  </datafield>
  <datafield tag="043" ind1=" " ind2=" ">
    <subfield code="a">a-cc-ti</subfield>
  </datafield>
  <datafield tag="090" ind1=" " ind2=" ">
    <subfield code="a">BQ7971.5</subfield>
    <subfield code="b">.G94 1965</subfield>
  </datafield>
  <datafield tag="130" ind1="0" ind2=" ">
    <subfield code="a">Bon Kanjur.</subfield>
    <subfield code="p">Mdo.</subfield>
    <subfield code="p">Gzer mig.</subfield>
  </datafield>
  <datafield tag="245" ind1="0" ind2="0">
    <subfield code="a">ʾDus pa rin po cheʾi rgyud Gzer mig bźug swo.</subfield>
  </datafield>
  <datafield tag="260" ind1=" " ind2=" ">
    <subfield code="a">[New Delhi :</subfield>
    <subfield code="b">Tenzin Namdak,</subfield>
    <subfield code="c">1965]</subfield>
  </datafield>
  <datafield tag="300" ind1=" " ind2=" ">
    <subfield code="a">2 v. (1166 p.) ;</subfield>
    <subfield code="c">8 x 36 cm.</subfield>
  </datafield>
  <datafield tag="500" ind1=" " ind2=" ">
    <subfield code="a">In cursive Tibetan, with introductory remarks in English by Tenzin Namdak.</subfield>
  </datafield>
  <datafield tag="500" ind1=" " ind2=" ">
    <subfield code="a">Pp. 1127-1166: a dkar chag to text by Saṅs-rgyas-bstan-ʾdzin.</subfield>
  </datafield>
  <datafield tag="500" ind1=" " ind2=" ">
    <subfield code="a">Its discover attributed to Draṅ-rje Btsun-pa Gser-mig.</subfield>
  </datafield>
  <datafield tag="650" ind1=" " ind2="0">
    <subfield code="a">Tibetan language</subfield>
    <subfield code="v">Texts.</subfield>
  </datafield>
  <datafield tag="600" ind1="0" ind2="0">
    <subfield code="a">Gśen-rab,</subfield>
    <subfield code="c">Mi-bo.</subfield>
  </datafield>
  <datafield tag="650" ind1=" " ind2="0">
    <subfield code="a">Bon lamas</subfield>
    <subfield code="z">China</subfield>
    <subfield code="z">Tibet Autonomous Region</subfield>
    <subfield code="x">Biography.</subfield>
  </datafield>
  <datafield tag="700" ind1="0" ind2="2">
    <subfield code="a">Saṅs-rgyas-bstan-ʼdzin,</subfield>
    <subfield code="c">Ljoṅ-ldoṅ.</subfield>
    <subfield code="t">Mdo Gzer mig gi dkar chag.</subfield>
  </datafield>
  <datafield tag="700" ind1="0" ind2="2">
    <subfield code="a">Gser-mig,</subfield>
    <subfield code="c">Draṅ-rje Btsun-pa.</subfield>
    <subfield code="t">Gzer mig.</subfield>
  </datafield>
  <datafield tag="700" ind1="1" ind2=" ">
    <subfield code="a">Namdak, Tenzin,</subfield>
    <subfield code="d">1926-</subfield>
  </datafield>
</record>