

<record xmlns="http://www.loc.gov/MARC21/slim"
xmlns:xsi="http://www.w3.org/2001/XMLSchema-instance"
xsi:schemaLocation="http://www.loc.gov/MARC21/slim
http://www.loc.gov/standards/marcxml/schema/MARC21slim.xsd">
  <leader>01774nam a2200373Ia 4500</leader>
  <controlfield tag="001">007352419-0</controlfield>
  <controlfield tag="005">20020606163548.3</controlfield>
  <controlfield tag="008">830223s1964    ii            000 0 tibod</controlfield>
  <datafield tag="020" ind1=" " ind2=" ">
    <subfield code="c">Rs5.00</subfield>
  </datafield>
  <datafield tag="035" ind1="0" ind2=" ">
    <subfield code="a">ocm09248439</subfield>
  </datafield>
  <datafield tag="040" ind1=" " ind2=" ">
    <subfield code="a">IUL</subfield>
    <subfield code="c">IUL</subfield>
    <subfield code="d">HLS</subfield>
  </datafield>
  <datafield tag="043" ind1=" " ind2=" ">
    <subfield code="a">a-cc-ti</subfield>
  </datafield>
  <datafield tag="090" ind1=" " ind2=" ">
    <subfield code="a">BQ7550</subfield>
    <subfield code="b">.L3 1964</subfield>
  </datafield>
  <datafield tag="245" ind1="0" ind2="0">
    <subfield code="a">Lam gyi gtso bo rnam gsum daṅ :</subfield>
    <subfield code="b">deʾi ʾgrel pa ; Lta mgur a ma ṅos ʾdzin daṅ deʾi ʾgrel pa ; Rmog-lcog Rin-po-cheʾi gsuṅ mgur ; Po ti lṅaʾi smon lam bcas bźugs so.</subfield>
  </datafield>
  <datafield tag="246" ind1="3" ind2=" ">
    <subfield code="a">Lam gyi gtso bo rnam gsum.</subfield>
  </datafield>
  <datafield tag="246" ind1="3" ind2=" ">
    <subfield code="a">Lta mgur a ma ṅos ʾdzin.</subfield>
  </datafield>
  <datafield tag="260" ind1=" " ind2=" ">
    <subfield code="a">Varanasi :</subfield>
    <subfield code="b">[The treasure of elegant saying Printng [sic] Press],</subfield>
    <subfield code="c">1964.</subfield>
  </datafield>
  <datafield tag="300" ind1=" " ind2=" ">
    <subfield code="a">35 p. ;</subfield>
    <subfield code="c">23 cm.</subfield>
  </datafield>
  <datafield tag="500" ind1=" " ind2=" ">
    <subfield code="a">In Tibetan.</subfield>
  </datafield>
  <datafield tag="500" ind1=" " ind2=" ">
    <subfield code="a">Cover title.</subfield>
  </datafield>
  <datafield tag="505" ind1="0" ind2=" ">
    <subfield code="a">Lam gyi gtso bo rnam gsum / Tsoṅ-kha-pa -- Lam gyi gtso bo rnam gsum gyi mchan ʾgrel / Rmog-lcog Sprul-miṅ-pa -- Lta mgur a ma ṅos ʾdzin / Lcaṅ-skya Rol-paʾi-rdo-rje -- Lta baʾi gsuṅ mgur gyi ʾgrel pa / Dkon-mchog-ʾjigs-med-dbaṅ-po -- Rmog-lcog gsuṅ mgur -- Po ti lṅaʾi smon lam / Dkon-mchog-ʾjigs-med-dbaṅ-po.</subfield>
  </datafield>
  <datafield tag="600" ind1="0" ind2="0">
    <subfield code="a">Tsoṅ-kha-pa Blo-bzaṅ-grags-pa,</subfield>
    <subfield code="d">1357-1419.</subfield>
    <subfield code="t">Lam gyi gtso bo rnam gsum.</subfield>
  </datafield>
  <datafield tag="600" ind1="0" ind2="0">
    <subfield code="a">Rol-paʾi-rdo-rje,</subfield>
    <subfield code="c">Lcaṅ-skya II,</subfield>
    <subfield code="d">1717-1786.</subfield>
    <subfield code="t">Lta mgur a ma ṅos ʾdzin.</subfield>
  </datafield>
  <datafield tag="650" ind1=" " ind2="0">
    <subfield code="a">Dge-lugs-pa (Sect)</subfield>
  </datafield>
  <datafield tag="650" ind1=" " ind2="0">
    <subfield code="a">Mādhyamika (Buddhism)</subfield>
  </datafield>
  <datafield tag="650" ind1=" " ind2="0">
    <subfield code="a">Dge-lugs-pa (Sect)</subfield>
    <subfield code="x">Literature.</subfield>
  </datafield>
  <datafield tag="650" ind1=" " ind2="0">
    <subfield code="a">Tibetan language</subfield>
    <subfield code="x">Texts.</subfield>
  </datafield>
  <datafield tag="700" ind1="0" ind2="2">
    <subfield code="a">Tsoṅ-kha-pa Blo-bzaṅ-grags-pa,</subfield>
    <subfield code="d">1357-1419.</subfield>
    <subfield code="t">Lam gyi gtso bo rnam gsum.</subfield>
  </datafield>
  <datafield tag="700" ind1="0" ind2="2">
    <subfield code="a">Rol-paʾi-rdo-rje,</subfield>
    <subfield code="c">Lcaṅ-skya II,</subfield>
    <subfield code="d">1717-1786.</subfield>
    <subfield code="t">Lta mgur a ma ṅos ʾdzin.</subfield>
  </datafield>
  <datafield tag="700" ind1="0" ind2=" ">
    <subfield code="a">Dkon-mchog-ʾjigs-med-dbaṅ-po,</subfield>
    <subfield code="c">ʾJam-dbyaṅs-bźad-pa II,</subfield>
    <subfield code="d">1728-1791.</subfield>
  </datafield>
  <datafield tag="700" ind1="0" ind2=" ">
    <subfield code="a">Rmog-lcog Sprul-miṅ-pa.</subfield>
  </datafield>
</record>