

<record xmlns="http://www.loc.gov/MARC21/slim"
xmlns:xsi="http://www.w3.org/2001/XMLSchema-instance"
xsi:schemaLocation="http://www.loc.gov/MARC21/slim
http://www.loc.gov/standards/marcxml/schema/MARC21slim.xsd">
  <leader>01562cam a2200313Ia 4500</leader>
  <controlfield tag="001">007352479-4</controlfield>
  <controlfield tag="005">20020606163548.3</controlfield>
  <controlfield tag="008">871204s1966    ii a          000 0 tibod</controlfield>
  <datafield tag="035" ind1="0" ind2=" ">
    <subfield code="a">ocm17185654</subfield>
  </datafield>
  <datafield tag="040" ind1=" " ind2=" ">
    <subfield code="a">IUL</subfield>
    <subfield code="c">IUL</subfield>
    <subfield code="d">HLS</subfield>
  </datafield>
  <datafield tag="041" ind1="1" ind2=" ">
    <subfield code="a">tib</subfield>
    <subfield code="h">san</subfield>
  </datafield>
  <datafield tag="090" ind1=" " ind2=" ">
    <subfield code="a">BQ912</subfield>
    <subfield code="b">.U32 1966</subfield>
  </datafield>
  <datafield tag="100" ind1="0" ind2=" ">
    <subfield code="a">Udbhaṭasiddhisvāmi.</subfield>
  </datafield>
  <datafield tag="240" ind1="1" ind2="0">
    <subfield code="a">Viśeṣastava.</subfield>
    <subfield code="l">Tibetan</subfield>
  </datafield>
  <datafield tag="245" ind1="0" ind2="0">
    <subfield code="a">Slob-dpon Mtho-btsun-grub-rjes mdzad paʾi Khyad par du ʾphags paʾi bstod pa daṅ deʾi ṭī kā Slob-dpon Śes-rab-go-chas mdzad pa bcas bźugs so =</subfield>
    <subfield code="b">Ācāryodbhaṭasiddhisvāmikr̥taḥ Viśeṣastavaḥ Prajñāvarmakr̥taṭīkāsahitaḥ ; sampādakaḥ Bhikṣu El. Jamaspala Śāstrī.</subfield>
  </datafield>
  <datafield tag="260" ind1=" " ind2=" ">
    <subfield code="a">Vārāṇasī :</subfield>
    <subfield code="b">Vārāṇaseya-Saṃskr̥ta-viśvavidyālayaḥ,</subfield>
    <subfield code="c">1966.</subfield>
  </datafield>
  <datafield tag="300" ind1=" " ind2=" ">
    <subfield code="a">3, 136 p. :</subfield>
    <subfield code="b">ill. ;</subfield>
    <subfield code="c">22 cm.</subfield>
  </datafield>
  <datafield tag="500" ind1=" " ind2=" ">
    <subfield code="a">In Tibetan.</subfield>
  </datafield>
  <datafield tag="500" ind1=" " ind2=" ">
    <subfield code="a">&quot;Khyad par du ʾphags par bstod paʾi rgya cher bśad pa Slob-dpon Śes-rab-g[o]-chas mdzad pa las, bar skabs su tshigs su bcad pa bcu gñis kyi ʾgrel paʾi Rgya dpe ma brñed nas, dus phyi Śā-kyaʾi-dge-sloṅ Kun-dgaʾ-rgyal-mtshan-dpal-bzaṅ-po źes bya bas Dpal Sa-skyaʾi dgon par sbyar ba rdzogs so.&quot;--p. 136.</subfield>
  </datafield>
  <datafield tag="600" ind1="0" ind2="0">
    <subfield code="a">Gautama Buddha</subfield>
    <subfield code="x">Prayers and devotions.</subfield>
  </datafield>
  <datafield tag="600" ind1="0" ind2="0">
    <subfield code="a">Udbhaṭasiddhisvāmi.</subfield>
    <subfield code="t">Viśeṣastava.</subfield>
  </datafield>
  <datafield tag="650" ind1=" " ind2="0">
    <subfield code="a">Tibetan language</subfield>
    <subfield code="x">Texts.</subfield>
  </datafield>
  <datafield tag="700" ind1="0" ind2="2">
    <subfield code="a">Prajnāvarman.</subfield>
    <subfield code="t">Viśeṣastavanāmaṭīkā.</subfield>
    <subfield code="l">Tibetan.</subfield>
  </datafield>
  <datafield tag="700" ind1="0" ind2=" ">
    <subfield code="a">Sa-skya Paṇḍi-ta Kun-dgaʾ-rgyal-mtshan,</subfield>
    <subfield code="d">1182-1251.</subfield>
  </datafield>
  <datafield tag="700" ind1="1" ind2=" ">
    <subfield code="a">Jamspal, L.,</subfield>
    <subfield code="d">1936-</subfield>
  </datafield>
  <datafield tag="730" ind1="0" ind2="2">
    <subfield code="a">Viśeṣastavanāmaṭīkā. Tibetan.</subfield>
  </datafield>
</record>