

<record xmlns="http://www.loc.gov/MARC21/slim"
xmlns:xsi="http://www.w3.org/2001/XMLSchema-instance"
xsi:schemaLocation="http://www.loc.gov/MARC21/slim
http://www.loc.gov/standards/marcxml/schema/MARC21slim.xsd">
  <leader>01112nam a2200313Ia 4500</leader>
  <controlfield tag="001">007352480-8</controlfield>
  <controlfield tag="005">20020606163548.3</controlfield>
  <controlfield tag="008">871208s1962    ii            000 0 tibod</controlfield>
  <datafield tag="020" ind1=" " ind2=" ">
    <subfield code="c">Rs1.50</subfield>
  </datafield>
  <datafield tag="035" ind1="0" ind2=" ">
    <subfield code="a">ocm17205166</subfield>
  </datafield>
  <datafield tag="040" ind1=" " ind2=" ">
    <subfield code="a">IUL</subfield>
    <subfield code="c">IUL</subfield>
    <subfield code="d">HLS</subfield>
  </datafield>
  <datafield tag="041" ind1="1" ind2=" ">
    <subfield code="a">tib</subfield>
    <subfield code="h">san</subfield>
  </datafield>
  <datafield tag="043" ind1=" " ind2=" ">
    <subfield code="a">a-cc-ti</subfield>
  </datafield>
  <datafield tag="090" ind1=" " ind2=" ">
    <subfield code="a">BQ8921.M35</subfield>
    <subfield code="b">T46 1962</subfield>
  </datafield>
  <datafield tag="100" ind1="0" ind2=" ">
    <subfield code="a">Tillopāda,</subfield>
    <subfield code="d">988-1069.</subfield>
  </datafield>
  <datafield tag="240" ind1="1" ind2="0">
    <subfield code="a">Ājñāsaṃyakpramāṇanāmaḍākinyupadeśa.</subfield>
    <subfield code="l">Tibetan</subfield>
  </datafield>
  <datafield tag="245" ind1="1" ind2="0">
    <subfield code="a">Bakʾ yaṅ dag paʾi tshad ma źes bya ba mkhaʾ ʾgroʾi man ṅag bźugs so /</subfield>
    <subfield code="c">[Bla-ma Til-li-pas ʾOg-min gyi gnas nas spyan draṅs pa Jo-bo Nā-ro-pa daṅ Mar-pa Chos-kyi-blo-gros kyis bsgyur ciṅs [sic] źus te gtan la phab paʾo]</subfield>
  </datafield>
  <datafield tag="260" ind1=" " ind2=" ">
    <subfield code="a">[Ka-sbug :</subfield>
    <subfield code="b">Śes-rab-rgya-mtsho,</subfield>
    <subfield code="c">1962]</subfield>
  </datafield>
  <datafield tag="300" ind1=" " ind2=" ">
    <subfield code="a">15 [i.e. 30] p. ;</subfield>
    <subfield code="c">9 x 40 cm.</subfield>
  </datafield>
  <datafield tag="500" ind1=" " ind2=" ">
    <subfield code="a">In Tibetan.</subfield>
  </datafield>
  <datafield tag="650" ind1=" " ind2="0">
    <subfield code="a">Yoga</subfield>
    <subfield code="x">Tantric Buddhism.</subfield>
  </datafield>
  <datafield tag="650" ind1=" " ind2="0">
    <subfield code="a">Bkaʾ-rgyud-pa (Sect)</subfield>
    <subfield code="x">Doctrines.</subfield>
  </datafield>
  <datafield tag="650" ind1=" " ind2="0">
    <subfield code="a">Tibetan language</subfield>
    <subfield code="x">Texts.</subfield>
  </datafield>
  <datafield tag="650" ind1=" " ind2="0">
    <subfield code="a">Mahāmudrā (Tantric rite)</subfield>
  </datafield>
  <datafield tag="700" ind1="0" ind2=" ">
    <subfield code="a">Nāḍapāda.</subfield>
  </datafield>
  <datafield tag="700" ind1="0" ind2=" ">
    <subfield code="a">Mar-pa Chos-kyi-blo-gros,</subfield>
    <subfield code="d">1012-1097.</subfield>
  </datafield>
</record>