

<record xmlns="http://www.loc.gov/MARC21/slim"
xmlns:xsi="http://www.w3.org/2001/XMLSchema-instance"
xsi:schemaLocation="http://www.loc.gov/MARC21/slim
http://www.loc.gov/standards/marcxml/schema/MARC21slim.xsd">
  <leader>01387cam a2200277Ia 4500</leader>
  <controlfield tag="001">007352511-1</controlfield>
  <controlfield tag="005">20020606163548.3</controlfield>
  <controlfield tag="008">900808s1964    ii            000 0 tib d</controlfield>
  <datafield tag="010" ind1=" " ind2=" ">
    <subfield code="a">sa 68020157</subfield>
  </datafield>
  <datafield tag="035" ind1="0" ind2=" ">
    <subfield code="a">ocm22280711</subfield>
  </datafield>
  <datafield tag="040" ind1=" " ind2=" ">
    <subfield code="a">CUY</subfield>
    <subfield code="c">CUY</subfield>
    <subfield code="d">GZM</subfield>
    <subfield code="d">HLS</subfield>
  </datafield>
  <datafield tag="090" ind1=" " ind2=" ">
    <subfield code="a">BQ7662.2</subfield>
    <subfield code="b">.B38 1968</subfield>
  </datafield>
  <datafield tag="100" ind1="0" ind2=" ">
    <subfield code="a">Bdud-ʾjoms ʾJigs-bral-ye-śes-rdo-rje,</subfield>
    <subfield code="d">1904-1987.</subfield>
  </datafield>
  <datafield tag="240" ind1="1" ind2="0">
    <subfield code="a">Rñiṅ maʾi chos ʾbyuṅ.</subfield>
  </datafield>
  <datafield tag="245" ind1="1" ind2="0">
    <subfield code="a">Gaṅs ljoṅs rgyal bstan yoṅs rdzogs kyi phyi mo sṅa &apos;gyur rdo rje theg pa&apos;i bstan pa rin po che ji ltar byuṅ ba&apos;i tshul dag ciṅ gsal bar brjod pa Lha dbaṅ g&apos;yul las rgyal ba&apos;i rṅa bo che&apos;i sgra dbyaṅs źes bya ba bźugs so /</subfield>
    <subfield code="c">[Thub-bstan-śes-rab-rgya-mtshos ... ched du brjod pa]</subfield>
  </datafield>
  <datafield tag="246" ind1="3" ind2=" ">
    <subfield code="a">Bod sṅa rabs pa gsaṅ chen rñiṅ maʾi chos ʾbyuṅ legs bśad gsar paʾi dgaʾ ston gyi dbu ʾdren gźuṅ don leʾuʾi ṅos ʾdzin bźugs.</subfield>
  </datafield>
  <datafield tag="246" ind1="3" ind2=" ">
    <subfield code="a">Lha dbaṅ gʾyul las rgyal baʾi rṅa bo cheʾi rṅa bo cheʾi sgra dbyaṅs.</subfield>
  </datafield>
  <datafield tag="260" ind1=" " ind2=" ">
    <subfield code="a">[Kalimpong :</subfield>
    <subfield code="b">Dudjom Tulku Rinpochee,</subfield>
    <subfield code="c">1964]</subfield>
  </datafield>
  <datafield tag="300" ind1=" " ind2=" ">
    <subfield code="a">6, 795 p. :</subfield>
    <subfield code="b">ill. ;</subfield>
    <subfield code="c">10 x 32 cm.</subfield>
  </datafield>
  <datafield tag="500" ind1=" " ind2=" ">
    <subfield code="a">In Tibetan.</subfield>
  </datafield>
  <datafield tag="500" ind1=" " ind2=" ">
    <subfield code="a">Title for first 6 pages: Bod sṅa rabs pa gsaṅ chen rñiṅ maʾi chos ʾbyuṅ legs bśad gsar paʾi dgaʾ ston gyi dbu ʾdren gźuṅ don leʾuʾi ṅos ʾdzin bźugs.</subfield>
  </datafield>
  <datafield tag="650" ind1=" " ind2="0">
    <subfield code="a">Rñiṅ-ma-pa (Sect)</subfield>
    <subfield code="x">History.</subfield>
  </datafield>
  <datafield tag="700" ind1="0" ind2=" ">
    <subfield code="a">Thub-bstan-śes-rab-rgya-mtsho.</subfield>
  </datafield>
</record>