

<record xmlns="http://www.loc.gov/MARC21/slim"
xmlns:xsi="http://www.w3.org/2001/XMLSchema-instance"
xsi:schemaLocation="http://www.loc.gov/MARC21/slim
http://www.loc.gov/standards/marcxml/schema/MARC21slim.xsd">
  <leader>01256nam a2200277Ii 4500</leader>
  <controlfield tag="001">007353587-7</controlfield>
  <controlfield tag="005">20020606163548.3</controlfield>
  <controlfield tag="008">790220s1967    ii            000 0 tib d</controlfield>
  <datafield tag="035" ind1="0" ind2=" ">
    <subfield code="a">ocm04671061</subfield>
  </datafield>
  <datafield tag="040" ind1=" " ind2=" ">
    <subfield code="a">IUL</subfield>
    <subfield code="c">IUL</subfield>
    <subfield code="d">HLS</subfield>
  </datafield>
  <datafield tag="043" ind1=" " ind2=" ">
    <subfield code="a">a-cc-ti</subfield>
  </datafield>
  <datafield tag="090" ind1=" " ind2=" ">
    <subfield code="a">R644.T5</subfield>
    <subfield code="b">R4 1967</subfield>
  </datafield>
  <datafield tag="130" ind1="0" ind2=" ">
    <subfield code="a">Rgyud bźi.</subfield>
    <subfield code="k">Selections.</subfield>
  </datafield>
  <datafield tag="245" ind1="1" ind2="0">
    <subfield code="a">Bdud rtsiʾi sñiṅ po yan lag brgyad pa gsaṅ ba man ṅag gi rgyud las dum bu daṅ po Rtsa rgyud</subfield>
    <subfield code="b">daṅ, gñis pa Bśad rgyud, bźi pa Phyi ma rgyud, Yon-tan-mgon-poʾi gsol ʾdebs, Gso rig bstan pa rgyas paʾi smon lam, Phyi rgyud tsa chuʾi lhan thabs, Tsha graṅ ʾgal mdo, Byaṅ khog lus thig bcas.</subfield>
  </datafield>
  <datafield tag="246" ind1="3" ind2=" ">
    <subfield code="a">Man ṅag rgyud las Rtsa rgyud, Bśad rgyud, Phyi ma rgyud, Tsa chu lhan thabs sogs.</subfield>
  </datafield>
  <datafield tag="260" ind1=" " ind2=" ">
    <subfield code="a">Dhar [a] msala :</subfield>
    <subfield code="b">Bod gźuṅ Sman-sbyin-slob-khaṅ gi dge che Ye-śes-don-ldan nas rgyu sbyar dpar bskrun źus pa,</subfield>
    <subfield code="c">1967?</subfield>
  </datafield>
  <datafield tag="300" ind1=" " ind2=" ">
    <subfield code="a">316 p. in various pagings ;</subfield>
    <subfield code="b">ill. ;</subfield>
    <subfield code="c">25 cm.</subfield>
  </datafield>
  <datafield tag="500" ind1=" " ind2=" ">
    <subfield code="a">Cover title.</subfield>
  </datafield>
  <datafield tag="500" ind1=" " ind2=" ">
    <subfield code="a">Binder&apos;s title: Man ṅag rgyud las Rtsa rgyud, Bśad rgyud, Phyi ma rgyud, Tsa chu lhan thabs sogs.</subfield>
  </datafield>
  <datafield tag="500" ind1=" " ind2=" ">
    <subfield code="a">In Tibetan.</subfield>
  </datafield>
  <datafield tag="650" ind1=" " ind2="0">
    <subfield code="a">Medicine, Tibetan.</subfield>
  </datafield>
  <datafield tag="650" ind1=" " ind2="0">
    <subfield code="a">Tibetan language</subfield>
    <subfield code="x">Texts.</subfield>
  </datafield>
  <datafield tag="700" ind1="0" ind2=" ">
    <subfield code="a">Ye-śes-don-ldan.</subfield>
  </datafield>
</record>