

<record xmlns="http://www.loc.gov/MARC21/slim"
xmlns:xsi="http://www.w3.org/2001/XMLSchema-instance"
xsi:schemaLocation="http://www.loc.gov/MARC21/slim
http://www.loc.gov/standards/marcxml/schema/MARC21slim.xsd">
  <leader>01232nam a2200301Ii 4500</leader>
  <controlfield tag="001">007353593-1</controlfield>
  <controlfield tag="005">20020606163548.3</controlfield>
  <controlfield tag="008">800218q1960    ii            000 0 tib d</controlfield>
  <datafield tag="010" ind1=" " ind2=" ">
    <subfield code="a">sa 68020540</subfield>
  </datafield>
  <datafield tag="020" ind1=" " ind2=" ">
    <subfield code="c">Rs71.30</subfield>
  </datafield>
  <datafield tag="035" ind1="0" ind2=" ">
    <subfield code="a">ocm05993743</subfield>
  </datafield>
  <datafield tag="040" ind1=" " ind2=" ">
    <subfield code="a">IUL</subfield>
    <subfield code="c">IUL</subfield>
    <subfield code="d">HLS</subfield>
  </datafield>
  <datafield tag="090" ind1=" " ind2=" ">
    <subfield code="a">BQ2910.M365</subfield>
    <subfield code="b">S47 1960z</subfield>
  </datafield>
  <datafield tag="100" ind1="0" ind2=" ">
    <subfield code="a">Se-ra Rje-btsun Chos-kyi-rgyal-mtshan,</subfield>
    <subfield code="d">1469-1546.</subfield>
  </datafield>
  <datafield tag="245" ind1="1" ind2="0">
    <subfield code="a">Bstan bcos Dbu ma la ʾjug paʾi rnam bśad dgoṅs pa rab gsal gyi dkaʾ gnad gsal bar byed paʾi spyi don legs bśad skal bzaṅ mgul rgyan źes bya ba :</subfield>
    <subfield code="b">bźugs so / [rje btsun Chos-kyi-rgyal-mtshan gyis mdzad pa ...]</subfield>
  </datafield>
  <datafield tag="246" ind1="3" ind2=" ">
    <subfield code="a">Dbu ma.</subfield>
  </datafield>
  <datafield tag="246" ind1="3" ind2=" ">
    <subfield code="a">Dbu ma spyi don skal bzaṅ mgul rgyan.</subfield>
  </datafield>
  <datafield tag="260" ind1=" " ind2=" ">
    <subfield code="a">[Sbag-sa :</subfield>
    <subfield code="b">Dgaʾ-ldan-byaṅ-rtse-grwa-tshaṅ-ʾdus-spyi,</subfield>
    <subfield code="c">196-]</subfield>
  </datafield>
  <datafield tag="300" ind1=" " ind2=" ">
    <subfield code="a">162 [i.e. 323] p. ;</subfield>
    <subfield code="c">11 x 62 cm.</subfield>
  </datafield>
  <datafield tag="500" ind1=" " ind2=" ">
    <subfield code="a">In Tibetan.</subfield>
  </datafield>
  <datafield tag="500" ind1=" " ind2=" ">
    <subfield code="a">Running title: Dbu ma.</subfield>
  </datafield>
  <datafield tag="500" ind1=" " ind2=" ">
    <subfield code="a">Also known under title: Dbu ma spyi don skal bzaṅ mgul rgyan.</subfield>
  </datafield>
  <datafield tag="600" ind1="0" ind2="0">
    <subfield code="a">Tsoṅ-kha-pa Blo-bzaṅ-grags-pa,</subfield>
    <subfield code="d">1357-1419.</subfield>
    <subfield code="t">Bstan bcos chen po Dbu ma la ʾjug paʾi rnam bśad dgoṅs pa rab gsal.</subfield>
  </datafield>
  <datafield tag="600" ind1="0" ind2="0">
    <subfield code="a">Candrakīrti.</subfield>
    <subfield code="t">Madhyamakāvatāra.</subfield>
  </datafield>
  <datafield tag="650" ind1=" " ind2="0">
    <subfield code="a">Tibetan language</subfield>
    <subfield code="x">Texts.</subfield>
  </datafield>
</record>