

<record xmlns="http://www.loc.gov/MARC21/slim"
xmlns:xsi="http://www.w3.org/2001/XMLSchema-instance"
xsi:schemaLocation="http://www.loc.gov/MARC21/slim
http://www.loc.gov/standards/marcxml/schema/MARC21slim.xsd">
  <leader>00923nam a2200241Ii 4500</leader>
  <controlfield tag="001">007353603-2</controlfield>
  <controlfield tag="005">20020606163548.3</controlfield>
  <controlfield tag="008">801203s1967    ii a          000 0 tibod</controlfield>
  <datafield tag="010" ind1=" " ind2=" ">
    <subfield code="a">sa 68020784</subfield>
  </datafield>
  <datafield tag="020" ind1=" " ind2=" ">
    <subfield code="c">Rs13.50</subfield>
  </datafield>
  <datafield tag="035" ind1="0" ind2=" ">
    <subfield code="a">ocm06992832</subfield>
  </datafield>
  <datafield tag="040" ind1=" " ind2=" ">
    <subfield code="a">IUL</subfield>
    <subfield code="c">IUL</subfield>
    <subfield code="d">HLS</subfield>
  </datafield>
  <datafield tag="050" ind1="0" ind2=" ">
    <subfield code="a">BQ7695</subfield>
    <subfield code="b">.L75</subfield>
  </datafield>
  <datafield tag="130" ind1="0" ind2=" ">
    <subfield code="a">Smon lam rnam dgu</subfield>
    <subfield code="k">Selections.</subfield>
  </datafield>
  <datafield tag="245" ind1="1" ind2="0">
    <subfield code="a">Ltuṅ bśags :</subfield>
    <subfield code="b">Spyi bśags, Gtso rgyal ma, Bzaṅ spyod, Byams smon, Spyod ʾjug, Thog mthaʾ ma, Bde smon, Byams paʾi sku gzugs, Bde chen lhun grub, Bar doʾi gsol ʾdebs, Blo bzaṅ rgyas bstan ma, Rje Rin po cheʾi bstan pa daṅ mjal paʾi smon lam bcas bźugs so.</subfield>
  </datafield>
  <datafield tag="260" ind1=" " ind2=" ">
    <subfield code="a">[Ldi-lli :</subfield>
    <subfield code="b">Lha-dbaṅ-nor-bu daṅ Groṅ-rog-lha-mo,</subfield>
    <subfield code="c">1967?]</subfield>
  </datafield>
  <datafield tag="300" ind1=" " ind2=" ">
    <subfield code="a">134 p. :</subfield>
    <subfield code="b">ill. ;</subfield>
    <subfield code="c">8 x 30 cm.</subfield>
  </datafield>
  <datafield tag="500" ind1=" " ind2=" ">
    <subfield code="a">In Tibetan.</subfield>
  </datafield>
  <datafield tag="650" ind1=" " ind2="0">
    <subfield code="a">Dge-lugs-pa (Sect)</subfield>
    <subfield code="x">Prayers and devotions.</subfield>
  </datafield>
  <datafield tag="650" ind1=" " ind2="0">
    <subfield code="a">Tibetan language</subfield>
    <subfield code="x">Texts.</subfield>
  </datafield>
</record>