

<record xmlns="http://www.loc.gov/MARC21/slim"
xmlns:xsi="http://www.w3.org/2001/XMLSchema-instance"
xsi:schemaLocation="http://www.loc.gov/MARC21/slim
http://www.loc.gov/standards/marcxml/schema/MARC21slim.xsd">
  <leader>01368nam a2200325Ia 4500</leader>
  <controlfield tag="001">007353609-1</controlfield>
  <controlfield tag="005">20020606163548.3</controlfield>
  <controlfield tag="008">810319s1967    ii a          000 0 tibod</controlfield>
  <datafield tag="010" ind1=" " ind2=" ">
    <subfield code="a">   79929019</subfield>
  </datafield>
  <datafield tag="020" ind1=" " ind2=" ">
    <subfield code="c">Rs25.00</subfield>
  </datafield>
  <datafield tag="035" ind1="0" ind2=" ">
    <subfield code="a">ocm07239209</subfield>
  </datafield>
  <datafield tag="040" ind1=" " ind2=" ">
    <subfield code="a">IUL</subfield>
    <subfield code="c">IUL</subfield>
    <subfield code="d">HLS</subfield>
  </datafield>
  <datafield tag="090" ind1=" " ind2=" ">
    <subfield code="a">PL3748.M54</subfield>
    <subfield code="b">D92 1967</subfield>
  </datafield>
  <datafield tag="100" ind1="0" ind2=" ">
    <subfield code="a">Mi-pham-rgya-mtsho,</subfield>
    <subfield code="c">ʾJam-mgon ʾJu,</subfield>
    <subfield code="d">1846-1912.</subfield>
  </datafield>
  <datafield tag="245" ind1="1" ind2="0">
    <subfield code="a">ʾDzam gliṅ Ge-sar skyes buʾi rtogs brjod las, ʾKhruṅs gliṅ me tog gi ra ba daṅ Rma sa bzaṅ dar gyi mdud pa bcas bźugs so /</subfield>
    <subfield code="c">[Mi-pham-ʾjam-dpal-rdo-rjeʾi źal luṅ ji lta bar; Padma-dri-med-blo-gros kyis bris]</subfield>
  </datafield>
  <datafield tag="246" ind1="3" ind2=" ">
    <subfield code="a">ʾKhruṅs gliṅ me tog gi ra ba.</subfield>
  </datafield>
  <datafield tag="246" ind1="3" ind2=" ">
    <subfield code="a">Rma sa bzaṅs dar gyi mdud pa.</subfield>
  </datafield>
  <datafield tag="246" ind1="3" ind2=" ">
    <subfield code="a">Rig pa ʾgyur med ye śes kyi skyes bu chen poʾi bla maʾi rnal byor.</subfield>
  </datafield>
  <datafield tag="246" ind1="3" ind2=" ">
    <subfield code="a">Ṅo mtshar rtogs brjod brdaʾ gsaṅ Nor buʾi me loṅ.</subfield>
  </datafield>
  <datafield tag="260" ind1=" " ind2=" ">
    <subfield code="a">[Ldi-li? :</subfield>
    <subfield code="b">s.n.,</subfield>
    <subfield code="c">1967?]</subfield>
  </datafield>
  <datafield tag="300" ind1=" " ind2=" ">
    <subfield code="a">311, 8 p. :</subfield>
    <subfield code="b">ill. ;</subfield>
    <subfield code="c">7 x 25 cm.</subfield>
  </datafield>
  <datafield tag="500" ind1=" " ind2=" ">
    <subfield code="a">In Tibetan.</subfield>
  </datafield>
  <datafield tag="505" ind1="2" ind2=" ">
    <subfield code="a">Rig pa gyur med ye śes kyi skyes bu chen poʾi bla maʾi rnal ʾbyor byin rlabs myur ʾjug / [Mi-pham]. -- Ṅo mtshar rtogs brjod brdaʾ gsaṅ Nor buʾi me loṅ źes bya ba / [Mi-pham-rnam-par-rgyal-bas spel].</subfield>
  </datafield>
  <datafield tag="630" ind1="0" ind2="0">
    <subfield code="a">Gesar.</subfield>
  </datafield>
  <datafield tag="630" ind1="0" ind2="0">
    <subfield code="a">Gesar</subfield>
    <subfield code="x">Cult.</subfield>
  </datafield>
  <datafield tag="650" ind1=" " ind2="0">
    <subfield code="a">Tibetan language</subfield>
    <subfield code="x">Texts.</subfield>
  </datafield>
  <datafield tag="700" ind1="0" ind2=" ">
    <subfield code="a">Padma-dri-med-blo-gros.</subfield>
  </datafield>
</record>