

<record xmlns="http://www.loc.gov/MARC21/slim"
xmlns:xsi="http://www.w3.org/2001/XMLSchema-instance"
xsi:schemaLocation="http://www.loc.gov/MARC21/slim
http://www.loc.gov/standards/marcxml/schema/MARC21slim.xsd">
  <leader>01349nam a2200253Ia 4500</leader>
  <controlfield tag="001">007353627-X</controlfield>
  <controlfield tag="005">20020606163548.3</controlfield>
  <controlfield tag="008">811124m19621967ii a          000 0 tibod</controlfield>
  <datafield tag="035" ind1="0" ind2=" ">
    <subfield code="a">ocm07952935</subfield>
  </datafield>
  <datafield tag="040" ind1=" " ind2=" ">
    <subfield code="a">IUL</subfield>
    <subfield code="c">IUL</subfield>
    <subfield code="d">HLS</subfield>
  </datafield>
  <datafield tag="043" ind1=" " ind2=" ">
    <subfield code="a">a-cc-ti</subfield>
  </datafield>
  <datafield tag="090" ind1=" " ind2=" ">
    <subfield code="a">PL3614</subfield>
    <subfield code="b">.T52 1962</subfield>
  </datafield>
  <datafield tag="245" ind1="0" ind2="0">
    <subfield code="a">Tibetan reader.</subfield>
  </datafield>
  <datafield tag="260" ind1=" " ind2=" ">
    <subfield code="a">[Dha-ram-sa-la] :</subfield>
    <subfield code="b">W.G. Kundeling,</subfield>
    <subfield code="c">1962-1967.</subfield>
  </datafield>
  <datafield tag="300" ind1=" " ind2=" ">
    <subfield code="a">10 v. :</subfield>
    <subfield code="b">ill. ;</subfield>
    <subfield code="c">18-28 cm.</subfield>
  </datafield>
  <datafield tag="500" ind1=" " ind2=" ">
    <subfield code="a">In Tibetan; pref. in English.</subfield>
  </datafield>
  <datafield tag="500" ind1=" " ind2=" ">
    <subfield code="a">Publisher varies.</subfield>
  </datafield>
  <datafield tag="500" ind1=" " ind2=" ">
    <subfield code="a">Cover title.</subfield>
  </datafield>
  <datafield tag="505" ind1="0" ind2=" ">
    <subfield code="a">[Primer] Sṅon groʾi slob deb, Tibetan primer -- [1] ʾDzin grwa daṅ poʾi slob deb, Tibetan reader, primery [sic] school -- [2] Slob grwa chuṅ ba, Slob deb gñis pa Skya reṅs gsar pa, Primary school reader 2 -- [3] Gźi rim ʾdzin grwa gsum paʾi slob deb Rig paʾi ñin byed, Reader 3 -- [4] Gźi rim ʾdzin grwa bźi paʾi slob deb Rig paʾi ñin byed, Reader 4 -- [5] ʾDzin grwa lṅa paʾi slob deb Rig paʾi ñin byed, Reader 6 -- [7] Gźi rim ʾdzin grwa bdun paʾi slob deb Rig paʾi ñin byed, Reader 7 -- [8] Gźi rim ʾdzin grwa brgyad paʾi slob deb Rig paʾi ñin byed, Reader 8 -- [9] Poetical composition and grammar 1, ʾBriṅ rim ʾdzin grwa dgu paʾi slob deb Rig paʾi ñin byed.</subfield>
  </datafield>
  <datafield tag="650" ind1=" " ind2="0">
    <subfield code="a">Tibetan language</subfield>
    <subfield code="x">Readers.</subfield>
  </datafield>
  <datafield tag="650" ind1=" " ind2="0">
    <subfield code="a">Tibetan language</subfield>
    <subfield code="x">Texts.</subfield>
  </datafield>
</record>