

<record xmlns="http://www.loc.gov/MARC21/slim"
xmlns:xsi="http://www.w3.org/2001/XMLSchema-instance"
xsi:schemaLocation="http://www.loc.gov/MARC21/slim
http://www.loc.gov/standards/marcxml/schema/MARC21slim.xsd">
  <leader>01248nam a2200277Ia 4500</leader>
  <controlfield tag="001">007353638-5</controlfield>
  <controlfield tag="005">20020606163548.3</controlfield>
  <controlfield tag="008">820224q19661967ii a          000 0 tibod</controlfield>
  <datafield tag="020" ind1=" " ind2=" ">
    <subfield code="c">Rs25.00</subfield>
  </datafield>
  <datafield tag="035" ind1="0" ind2=" ">
    <subfield code="a">ocm08186272</subfield>
  </datafield>
  <datafield tag="040" ind1=" " ind2=" ">
    <subfield code="a">IUL</subfield>
    <subfield code="c">IUL</subfield>
    <subfield code="d">HLS</subfield>
  </datafield>
  <datafield tag="043" ind1=" " ind2=" ">
    <subfield code="a">a-cc-ti</subfield>
  </datafield>
  <datafield tag="090" ind1=" " ind2=" ">
    <subfield code="a">BQ7665.2</subfield>
    <subfield code="b">.D59 1966</subfield>
  </datafield>
  <datafield tag="100" ind1="0" ind2=" ">
    <subfield code="a">Dkon-mchog-lhun-grub,</subfield>
    <subfield code="c">Ṅor-chen,</subfield>
    <subfield code="d">1497-1557.</subfield>
  </datafield>
  <datafield tag="245" ind1="1" ind2="0">
    <subfield code="a">Lam ʾbras bu daṅ bcas paʾi gdams ṅag gi gźun śiṅ rgyas pa gźun ji lta ba bźin bkri baʾi lam gyi dṅos gźiʾi khrid yig Rgyud gsum mdzes par byed paʾi rgyan źes bya ba bźugs so /</subfield>
    <subfield code="c">[Dkon-mchog-lhun-grub kyis sbyar]</subfield>
  </datafield>
  <datafield tag="246" ind1="3" ind2=" ">
    <subfield code="a">Rgyud gsum mdzes par byed paʾi rgyan.</subfield>
  </datafield>
  <datafield tag="260" ind1=" " ind2=" ">
    <subfield code="a">[Ldi-li :</subfield>
    <subfield code="b">Phan-khan Źabs-druṅ ʾJam-dbyaṅs-kun-bzaṅ,</subfield>
    <subfield code="c">1966 or 7]</subfield>
  </datafield>
  <datafield tag="300" ind1=" " ind2=" ">
    <subfield code="a">261 p. :</subfield>
    <subfield code="b">ill. ;</subfield>
    <subfield code="c">10 x 49 cm.</subfield>
  </datafield>
  <datafield tag="500" ind1=" " ind2=" ">
    <subfield code="a">In Tibetan.</subfield>
  </datafield>
  <datafield tag="500" ind1=" " ind2=" ">
    <subfield code="a">&quot;Rdo-rje-ʾchaṅ gñis-pa rje-btsun Sa-skya-pa yab sras kyi gsuṅ rab dris..., gsuṅ ṅag rin po che rnam ʾgrel bcu gcig po źib tu dpyad, khrid yig daṅ gźuṅ bśad so so nas legs bśad kyi cha blaṅs, mdo rgyud bstan bcos du maʾi luṅ gis mdzes par byas.&quot;</subfield>
  </datafield>
  <datafield tag="650" ind1=" " ind2="0">
    <subfield code="a">Lam-ʾbras.</subfield>
  </datafield>
  <datafield tag="650" ind1=" " ind2="0">
    <subfield code="a">Sa-skya-pa (Sect)</subfield>
    <subfield code="x">Doctrines.</subfield>
  </datafield>
  <datafield tag="650" ind1=" " ind2="0">
    <subfield code="a">Tibetan language</subfield>
    <subfield code="x">Texts.</subfield>
  </datafield>
</record>