

<record xmlns="http://www.loc.gov/MARC21/slim"
xmlns:xsi="http://www.w3.org/2001/XMLSchema-instance"
xsi:schemaLocation="http://www.loc.gov/MARC21/slim
http://www.loc.gov/standards/marcxml/schema/MARC21slim.xsd">
  <leader>00900cam a2200253Ia 4500</leader>
  <controlfield tag="001">007353650-4</controlfield>
  <controlfield tag="005">20090713012056.0</controlfield>
  <controlfield tag="008">821213s1967    ii a          000 0 tibod</controlfield>
  <datafield tag="020" ind1=" " ind2=" ">
    <subfield code="c">Rs22.00</subfield>
  </datafield>
  <datafield tag="035" ind1="0" ind2=" ">
    <subfield code="a">ocm09050191</subfield>
  </datafield>
  <datafield tag="040" ind1=" " ind2=" ">
    <subfield code="a">IUL</subfield>
    <subfield code="c">IUL</subfield>
    <subfield code="d">HLS</subfield>
  </datafield>
  <datafield tag="043" ind1=" " ind2=" ">
    <subfield code="a">a-cc-ti</subfield>
  </datafield>
  <datafield tag="090" ind1=" " ind2=" ">
    <subfield code="a">BQ2180.G935</subfield>
    <subfield code="b">K56 1967</subfield>
  </datafield>
  <datafield tag="100" ind1="0" ind2=" ">
    <subfield code="a">Kloṅ-chen-pa Dri-med-ʾod-zer,</subfield>
    <subfield code="d">1308-1363.</subfield>
  </datafield>
  <datafield tag="240" ind1="1" ind2="0">
    <subfield code="a">Phyogs bcuʾi mun sel</subfield>
  </datafield>
  <datafield tag="245" ind1="1" ind2="0">
    <subfield code="a">Dpal Gsaṅ baʾi sñiṅ po de kho na ñid ṅes paʾi rgyud kyi ʾgrel pa Phyogs bcuʾi mun pa thams cad rnam par sel ba źes bya ba bźugs so /</subfield>
    <subfield code="c">[Rdo-rje-gzi-brjid kyis sbyar]</subfield>
  </datafield>
  <datafield tag="260" ind1=" " ind2=" ">
    <subfield code="a">[Wā-rā-ṇa-si :</subfield>
    <subfield code="b">Dar-thaṅ Sprul-sku,</subfield>
    <subfield code="c">1967?]</subfield>
  </datafield>
  <datafield tag="300" ind1=" " ind2=" ">
    <subfield code="a">378, 1 [i.e. 755, 2] p. :</subfield>
    <subfield code="b">ill. ;</subfield>
    <subfield code="c">9 x 37 cm.</subfield>
  </datafield>
  <datafield tag="500" ind1=" " ind2=" ">
    <subfield code="a">In Tibetan.</subfield>
  </datafield>
  <datafield tag="650" ind1=" " ind2="0">
    <subfield code="a">Tibetan language</subfield>
    <subfield code="v">Texts.</subfield>
  </datafield>
  <datafield tag="630" ind1="0" ind2="0">
    <subfield code="a">Tripiṭaka.</subfield>
    <subfield code="p">Sūtrapiṭaka.</subfield>
    <subfield code="p">Tantra.</subfield>
    <subfield code="p">Guhyagarbhatantra.</subfield>
  </datafield>
</record>