

<record xmlns="http://www.loc.gov/MARC21/slim"
xmlns:xsi="http://www.w3.org/2001/XMLSchema-instance"
xsi:schemaLocation="http://www.loc.gov/MARC21/slim
http://www.loc.gov/standards/marcxml/schema/MARC21slim.xsd">
  <leader>01234nam a2200289Ia 4500</leader>
  <controlfield tag="001">007353668-7</controlfield>
  <controlfield tag="005">20020606163548.3</controlfield>
  <controlfield tag="008">840514s1967    ii            000 0 tibod</controlfield>
  <datafield tag="020" ind1=" " ind2=" ">
    <subfield code="c">Rs68.20</subfield>
  </datafield>
  <datafield tag="035" ind1="0" ind2=" ">
    <subfield code="a">ocm10731893</subfield>
  </datafield>
  <datafield tag="040" ind1=" " ind2=" ">
    <subfield code="a">IUL</subfield>
    <subfield code="c">IUL</subfield>
    <subfield code="d">HLS</subfield>
  </datafield>
  <datafield tag="043" ind1=" " ind2=" ">
    <subfield code="a">a-cc-ti</subfield>
  </datafield>
  <datafield tag="090" ind1=" " ind2=" ">
    <subfield code="a">BQ4890.V344</subfield>
    <subfield code="b">T5749 1967</subfield>
  </datafield>
  <datafield tag="100" ind1="0" ind2=" ">
    <subfield code="a">Pha-boṅ-kha-pa Byams-pa-bstan-ʾdzin-ʾphrin-las-rgya-mtsho,</subfield>
    <subfield code="d">1878-1941.</subfield>
  </datafield>
  <datafield tag="245" ind1="1" ind2="0">
    <subfield code="a">Dpal Nā-ro Mkhaʾ-spyod-dbaṅ-moʾi lam rim pa gñis kyi zab khrid ji ltar nos paʾi zin bris śin tu gsaṅ ba Gnas gsum mkhaʾ ʾgroʾi sñiṅ bcud ces bya ba bźugs so /</subfield>
    <subfield code="c">[Pha-boṅ-kha-pa Bde-chen-sñiṅ-po-dpal-bzaṅ-pos źal sṅa nas bkod]</subfield>
  </datafield>
  <datafield tag="246" ind1="3" ind2=" ">
    <subfield code="a">Gnas gsum mkhaʾ ʾgroʾi sñiṅ bcud.</subfield>
  </datafield>
  <datafield tag="260" ind1=" " ind2=" ">
    <subfield code="a">[Ka-sbug :</subfield>
    <subfield code="b">s.n.,</subfield>
    <subfield code="c">1967?]</subfield>
  </datafield>
  <datafield tag="300" ind1=" " ind2=" ">
    <subfield code="a">124 [i.e. 247] p. ;</subfield>
    <subfield code="c">9 x 51 cm.</subfield>
  </datafield>
  <datafield tag="500" ind1=" " ind2=" ">
    <subfield code="a">In Tibetan.</subfield>
  </datafield>
  <datafield tag="500" ind1=" " ind2=" ">
    <subfield code="a">&quot;Par ʾdi Dpe-mdzod-khaṅ du bźugs.&quot;</subfield>
  </datafield>
  <datafield tag="600" ind1="0" ind2="0">
    <subfield code="a">Pha-boṅ-kha-pa Byams-pa-bstan-ʾdzin-ʾphrin-las-rgya-mtsho,</subfield>
    <subfield code="d">1878-1941.</subfield>
    <subfield code="t">Rje-btsun Rdo-rje-rnal-ʾbyor-ma Nā-ro Mkhaʾ-spyod-dbaṅ-moʾi sgrub thabs.</subfield>
  </datafield>
  <datafield tag="650" ind1=" " ind2="0">
    <subfield code="a">Vajrayoginī (Buddhist deity)</subfield>
    <subfield code="x">Cult</subfield>
    <subfield code="z">China</subfield>
    <subfield code="z">Tibet Autonomous Region.</subfield>
  </datafield>
  <datafield tag="650" ind1=" " ind2="0">
    <subfield code="a">Dge-lugs-pa (Sect)</subfield>
    <subfield code="x">Rituals.</subfield>
  </datafield>
  <datafield tag="650" ind1=" " ind2="0">
    <subfield code="a">Tibetan language</subfield>
    <subfield code="x">Texts.</subfield>
  </datafield>
</record>