

<record xmlns="http://www.loc.gov/MARC21/slim"
xmlns:xsi="http://www.w3.org/2001/XMLSchema-instance"
xsi:schemaLocation="http://www.loc.gov/MARC21/slim
http://www.loc.gov/standards/marcxml/schema/MARC21slim.xsd">
  <leader>01186nam a2200301Ia 4500</leader>
  <controlfield tag="001">007353672-5</controlfield>
  <controlfield tag="005">20020606163548.3</controlfield>
  <controlfield tag="008">841204s1967    ii            000 0 tibod</controlfield>
  <datafield tag="020" ind1=" " ind2=" ">
    <subfield code="c">Rs3.00</subfield>
  </datafield>
  <datafield tag="035" ind1="0" ind2=" ">
    <subfield code="a">ocm11450435</subfield>
  </datafield>
  <datafield tag="040" ind1=" " ind2=" ">
    <subfield code="a">IUL</subfield>
    <subfield code="c">IUL</subfield>
    <subfield code="d">HLS</subfield>
  </datafield>
  <datafield tag="043" ind1=" " ind2=" ">
    <subfield code="a">a-cc-ti</subfield>
  </datafield>
  <datafield tag="090" ind1=" " ind2=" ">
    <subfield code="a">BQ7662.2.S953</subfield>
    <subfield code="b">B57 1967</subfield>
  </datafield>
  <datafield tag="100" ind1="0" ind2=" ">
    <subfield code="a">Blo-bzaṅ-chos-kyi-ñi-ma,</subfield>
    <subfield code="c">Thuʾu-bkwan III,</subfield>
    <subfield code="d">1737-1802.</subfield>
  </datafield>
  <datafield tag="240" ind1="1" ind2="0">
    <subfield code="a">Dris lan Nor bu ke ta kaʾi byi dor</subfield>
  </datafield>
  <datafield tag="245" ind1="1" ind2="0">
    <subfield code="a">Gsuṅ rab rnam dag chuʾi dri ma sel byed Nor bu ke ta keʾi tshig don la dogs dpyod sñan sgron du gsol ba Nor bu ke ta kaʾi byi dor źes bya ba bźugs so /</subfield>
    <subfield code="c">[Ku-sā-li Dharma-badzras (Thuʾu-bkwan Chos-kyi-rdo-rje) sug bris su bgyis]</subfield>
  </datafield>
  <datafield tag="246" ind1="3" ind2=" ">
    <subfield code="a">Nor bu ke ta kaʾi byi dor.</subfield>
  </datafield>
  <datafield tag="260" ind1=" " ind2=" ">
    <subfield code="a">[Wā-rā-ṇa-sī :</subfield>
    <subfield code="b">Dar-thaṅ Sprul-sku,</subfield>
    <subfield code="c">1967]</subfield>
  </datafield>
  <datafield tag="300" ind1=" " ind2=" ">
    <subfield code="a">71 p. ;</subfield>
    <subfield code="c">21 cm.</subfield>
  </datafield>
  <datafield tag="500" ind1=" " ind2=" ">
    <subfield code="a">In Tibetan.</subfield>
  </datafield>
  <datafield tag="500" ind1=" " ind2=" ">
    <subfield code="a">Cover title.</subfield>
  </datafield>
  <datafield tag="600" ind1="0" ind2="0">
    <subfield code="a">Sum-pa Mkhan-po Ye-śes-dpal-ʾbyor,</subfield>
    <subfield code="d">1704-1788.</subfield>
    <subfield code="t">Gsuṅ rab rnam dag chuʾi dri ma sel byed nor bu ke ta ka.</subfield>
  </datafield>
  <datafield tag="650" ind1=" " ind2="0">
    <subfield code="a">Rñiṅ-ma-pa (Sect)</subfield>
    <subfield code="x">Apologetic works.</subfield>
  </datafield>
  <datafield tag="650" ind1=" " ind2="0">
    <subfield code="a">Bon (Tibetan religion)</subfield>
    <subfield code="x">Apologetic works.</subfield>
  </datafield>
  <datafield tag="650" ind1=" " ind2="0">
    <subfield code="a">Tibetan language</subfield>
    <subfield code="x">Texts.</subfield>
  </datafield>
</record>