

<record xmlns="http://www.loc.gov/MARC21/slim"
xmlns:xsi="http://www.w3.org/2001/XMLSchema-instance"
xsi:schemaLocation="http://www.loc.gov/MARC21/slim
http://www.loc.gov/standards/marcxml/schema/MARC21slim.xsd">
  <leader>01313cam a2200301Ii 4500</leader>
  <controlfield tag="001">007356024-3</controlfield>
  <controlfield tag="005">20020606163548.3</controlfield>
  <controlfield tag="008">780720s1961    ii            000 0 tibrd</controlfield>
  <datafield tag="010" ind1=" " ind2=" ">
    <subfield code="a">sa 68020703</subfield>
  </datafield>
  <datafield tag="035" ind1="0" ind2=" ">
    <subfield code="a">ocm04068477</subfield>
  </datafield>
  <datafield tag="040" ind1=" " ind2=" ">
    <subfield code="a">IUL</subfield>
    <subfield code="c">IUL</subfield>
    <subfield code="d">HLS</subfield>
  </datafield>
  <datafield tag="090" ind1=" " ind2=" ">
    <subfield code="a">PL3748.G8</subfield>
    <subfield code="b">L4 1961</subfield>
  </datafield>
  <datafield tag="100" ind1="0" ind2=" ">
    <subfield code="a">Guṅ-thaṅ Dkon-mchog-bstan-paʾi-sgron-me,</subfield>
    <subfield code="d">1762-1823.</subfield>
  </datafield>
  <datafield tag="245" ind1="1" ind2="0">
    <subfield code="a">Legs par bśad pa chu daṅ śiṅ gi bstan bcos brda don daṅ bcas bźugs so =</subfield>
    <subfield code="b">Jalavr̥kṣam dr̥ṣṭānta sunīti śāstram = Chhu shing gi bstancho : a moral lessons [sic] illustrated with water, trees and plants /</subfield>
    <subfield code="c">[Guṅ-thaṅ Bstan-sgron-mchog nas mdzad pa ; bstan-bchos rnam gñis kyi don ʾdi A-kyā Yoṅs-ʾdzin ... Dbyaṅs-can-dgaʾ-baʾi-blo-gros kyis mdzad pa ; Mthar-phyin pas slar yoṅ par du bskrun pa]</subfield>
  </datafield>
  <datafield tag="246" ind1="3" ind2=" ">
    <subfield code="a">Jalavr̥kṣam dr̥ṣṭānta sunīti śāstram.</subfield>
  </datafield>
  <datafield tag="246" ind1="3" ind2=" ">
    <subfield code="a">Chhu shing gi bstancho.</subfield>
  </datafield>
  <datafield tag="246" ind1="3" ind2=" ">
    <subfield code="a">Chu śiṅ gi bstan bcos.</subfield>
  </datafield>
  <datafield tag="260" ind1=" " ind2=" ">
    <subfield code="a">Kalimpong :</subfield>
    <subfield code="b">Tharchin,</subfield>
    <subfield code="c">1961.</subfield>
  </datafield>
  <datafield tag="300" ind1=" " ind2=" ">
    <subfield code="a">50, 38 p. ;</subfield>
    <subfield code="c">19 cm.</subfield>
  </datafield>
  <datafield tag="500" ind1=" " ind2=" ">
    <subfield code="a">Cover title.</subfield>
  </datafield>
  <datafield tag="500" ind1=" " ind2=" ">
    <subfield code="a">Text in Tibetan.</subfield>
  </datafield>
  <datafield tag="500" ind1=" " ind2=" ">
    <subfield code="a">Binder&apos;s title: Chu śiṅ gi bstan chos.</subfield>
  </datafield>
  <datafield tag="650" ind1=" " ind2="0">
    <subfield code="a">Tibetan language</subfield>
    <subfield code="x">Texts.</subfield>
  </datafield>
  <datafield tag="700" ind1="0" ind2=" ">
    <subfield code="a">Dbyaṅs-can-dgaʾ-baʾi-blo-gros,</subfield>
    <subfield code="c">A-kya Yoṅs-ʾdzin.</subfield>
  </datafield>
  <datafield tag="700" ind1="1" ind2=" ">
    <subfield code="a">Tharchin, G.,</subfield>
    <subfield code="d">1889-</subfield>
  </datafield>
</record>