

<record xmlns="http://www.loc.gov/MARC21/slim"
xmlns:xsi="http://www.w3.org/2001/XMLSchema-instance"
xsi:schemaLocation="http://www.loc.gov/MARC21/slim
http://www.loc.gov/standards/marcxml/schema/MARC21slim.xsd">
  <leader>01175cam a2200277Ia 4500</leader>
  <controlfield tag="001">007356027-8</controlfield>
  <controlfield tag="005">20020606163548.3</controlfield>
  <controlfield tag="008">780803s1968    ii            000 0 tib d</controlfield>
  <datafield tag="010" ind1=" " ind2=" ">
    <subfield code="a">sa 68020902</subfield>
  </datafield>
  <datafield tag="035" ind1="0" ind2=" ">
    <subfield code="a">ocm04106832</subfield>
  </datafield>
  <datafield tag="040" ind1=" " ind2=" ">
    <subfield code="a">IUL</subfield>
    <subfield code="c">IUL</subfield>
    <subfield code="d">HLS</subfield>
  </datafield>
  <datafield tag="090" ind1=" " ind2=" ">
    <subfield code="a">BQ2180.S247</subfield>
    <subfield code="b">K86 1968</subfield>
  </datafield>
  <datafield tag="100" ind1="0" ind2=" ">
    <subfield code="a">Kun-gzigs-chos-kyi-snaṅ-ba,</subfield>
    <subfield code="c">ʾBrug-chen VIII,</subfield>
    <subfield code="d">1768-1822.</subfield>
  </datafield>
  <datafield tag="245" ind1="1" ind2="0">
    <subfield code="a">Dpal ʾkhor lo sdom pa lhan cig skyes paʾi dkyil ʾkhor gyi cho ga byin rlabs bdud rtsiʾi gter bum :</subfield>
    <subfield code="b">a method for the ritual of the mandala of the Cakrasamvara tantra /</subfield>
    <subfield code="c">by Kun-gzigs-chos-kyi-snaṅ-ba, the 8th Rgyal-dbaṅ ʾBrug-pa.</subfield>
  </datafield>
  <datafield tag="246" ind1="3" ind2=" ">
    <subfield code="a">Byin rlabs bdud rtsiʾi gter bum.</subfield>
  </datafield>
  <datafield tag="260" ind1=" " ind2=" ">
    <subfield code="a">Chemre :</subfield>
    <subfield code="b">[s.n.],</subfield>
    <subfield code="c">1968.</subfield>
  </datafield>
  <datafield tag="300" ind1=" " ind2=" ">
    <subfield code="a">18, 1 [i.e. 35, 2] p. ;</subfield>
    <subfield code="c">12 x 35 cm.</subfield>
  </datafield>
  <datafield tag="500" ind1=" " ind2=" ">
    <subfield code="a">&quot;Printed from the blocks preserved in the sgrub-sde at Hemis Rgod-tshan Hermitage.&quot;</subfield>
  </datafield>
  <datafield tag="500" ind1=" " ind2=" ">
    <subfield code="a">Includes an additional prayer by Ṅag-dbaṅ-ye-śes Raṅ-grol-pa: cf. leaf 18.</subfield>
  </datafield>
  <datafield tag="630" ind1="0" ind2="0">
    <subfield code="a">Tantras.</subfield>
    <subfield code="p">Samvarodayatantra</subfield>
    <subfield code="x">Rites and ceremonies.</subfield>
  </datafield>
  <datafield tag="650" ind1=" " ind2="0">
    <subfield code="a">ʾBrug-pa (Sect)</subfield>
    <subfield code="x">Rituals.</subfield>
  </datafield>
  <datafield tag="650" ind1=" " ind2="0">
    <subfield code="a">Mandala (Buddhism)</subfield>
  </datafield>
  <datafield tag="650" ind1=" " ind2="0">
    <subfield code="a">Tibetan language</subfield>
    <subfield code="x">Texts.</subfield>
  </datafield>
</record>