

<record xmlns="http://www.loc.gov/MARC21/slim"
xmlns:xsi="http://www.w3.org/2001/XMLSchema-instance"
xsi:schemaLocation="http://www.loc.gov/MARC21/slim
http://www.loc.gov/standards/marcxml/schema/MARC21slim.xsd">
  <leader>01004nam a2200265Ii 4500</leader>
  <controlfield tag="001">007356034-0</controlfield>
  <controlfield tag="005">20020606163548.3</controlfield>
  <controlfield tag="008">790307s1961    ii            000 0 tibrd</controlfield>
  <datafield tag="035" ind1="0" ind2=" ">
    <subfield code="a">ocm04722433</subfield>
  </datafield>
  <datafield tag="040" ind1=" " ind2=" ">
    <subfield code="a">IUL</subfield>
    <subfield code="c">IUL</subfield>
    <subfield code="d">HLS</subfield>
  </datafield>
  <datafield tag="090" ind1=" " ind2=" ">
    <subfield code="a">PL3633</subfield>
    <subfield code="b">.D6 1961</subfield>
  </datafield>
  <datafield tag="100" ind1="0" ind2=" ">
    <subfield code="a">Dpal-khaṅ Ṅag-dbaṅ-chos-kyi-rgya-mtsho,</subfield>
    <subfield code="d">active 16th century.</subfield>
  </datafield>
  <datafield tag="245" ind1="1" ind2="0">
    <subfield code="a">Sñan ṅag, ʼdod pa blo gsal gźon nu rnams la ñe bar mkho ba mṅon brjod pad dkar ʼphreṅ ba</subfield>
    <subfield code="b">źes bya ba bźugs so : Śabdavidya = A collection of synonyms /</subfield>
    <subfield code="c">by Palkhang Lotsawa ; edited and published by G. Tharchin.</subfield>
  </datafield>
  <datafield tag="246" ind1="3" ind2=" ">
    <subfield code="a">Mṅon brjod pad dkar ʼphreṅ ba.</subfield>
  </datafield>
  <datafield tag="260" ind1=" " ind2=" ">
    <subfield code="a">Kalimpong :</subfield>
    <subfield code="b">Tharchin,</subfield>
    <subfield code="c">1961.</subfield>
  </datafield>
  <datafield tag="300" ind1=" " ind2=" ">
    <subfield code="a">16, 96 p. ;</subfield>
    <subfield code="c">19 cm.</subfield>
  </datafield>
  <datafield tag="500" ind1=" " ind2=" ">
    <subfield code="a">In Tibetan.</subfield>
  </datafield>
  <datafield tag="500" ind1=" " ind2=" ">
    <subfield code="a">Cover title.</subfield>
  </datafield>
  <datafield tag="500" ind1=" " ind2=" ">
    <subfield code="a">Binder&apos;s title: Mṅon brjod pad dkar ʼphreṅ ba.</subfield>
  </datafield>
  <datafield tag="650" ind1=" " ind2="0">
    <subfield code="a">Tibetan language</subfield>
    <subfield code="x">Synonyms and antonyms.</subfield>
  </datafield>
  <datafield tag="650" ind1=" " ind2="0">
    <subfield code="a">Tibetan language</subfield>
    <subfield code="x">Dictionaries.</subfield>
  </datafield>
  <datafield tag="650" ind1=" " ind2="0">
    <subfield code="a">Tibetan language</subfield>
    <subfield code="x">Texts.</subfield>
  </datafield>
</record>