

<record xmlns="http://www.loc.gov/MARC21/slim"
xmlns:xsi="http://www.w3.org/2001/XMLSchema-instance"
xsi:schemaLocation="http://www.loc.gov/MARC21/slim
http://www.loc.gov/standards/marcxml/schema/MARC21slim.xsd">
  <leader>01232nam a2200289Ia 4500</leader>
  <controlfield tag="001">007356076-6</controlfield>
  <controlfield tag="005">20020606163548.3</controlfield>
  <controlfield tag="008">810625s1967    ii a          000 0 tibod</controlfield>
  <datafield tag="020" ind1=" " ind2=" ">
    <subfield code="c">Rs11.00</subfield>
  </datafield>
  <datafield tag="035" ind1="0" ind2=" ">
    <subfield code="a">ocm07528660</subfield>
  </datafield>
  <datafield tag="040" ind1=" " ind2=" ">
    <subfield code="a">IUL</subfield>
    <subfield code="c">IUL</subfield>
    <subfield code="d">HLS</subfield>
  </datafield>
  <datafield tag="043" ind1=" " ind2=" ">
    <subfield code="a">a-cc-ti</subfield>
  </datafield>
  <datafield tag="090" ind1=" " ind2=" ">
    <subfield code="a">BQ7662.2</subfield>
    <subfield code="b">.B37 1967</subfield>
  </datafield>
  <datafield tag="100" ind1="0" ind2=" ">
    <subfield code="a">Bdud-ʾjoms ʾJigs-bral-ye-śes-rdo-rje,</subfield>
    <subfield code="d">1904-1987.</subfield>
  </datafield>
  <datafield tag="240" ind1="1" ind2="0">
    <subfield code="a">Rñiṅ maʾi chos ʾbyuṅ</subfield>
  </datafield>
  <datafield tag="245" ind1="1" ind2="0">
    <subfield code="a">Gaṅs ljoṅs rgyal bstan yoṅs rdzogs kyi phyi mo sṅa ʾgyur Rdo rje theg paʾi bstan pa rin po che ji ltar byuṅ baʾi tshul dag ciṅ gsal bar brjod pa Lha dbaṅ gýul las rgyal baʾi rṅa bo cheʾi sgra dbyaṅs źes bya ba bźugs so /</subfield>
    <subfield code="c">[ʾJigs-bral-ye-śes-rdo-rje-dge-legs-rnam-par-rgyal-baʾi sde ... bgyis]</subfield>
  </datafield>
  <datafield tag="246" ind1="3" ind2=" ">
    <subfield code="a">Lha dbaṅ gýul las rgyal baʾi rṅa bo cheʾi sgra dbyaṅs.</subfield>
  </datafield>
  <datafield tag="250" ind1=" " ind2=" ">
    <subfield code="a">Spar theṅ gñis pa.</subfield>
  </datafield>
  <datafield tag="260" ind1=" " ind2=" ">
    <subfield code="a">[Kalimpong :</subfield>
    <subfield code="b">Dudjom Tulku Rinpochee,</subfield>
    <subfield code="c">1967]</subfield>
  </datafield>
  <datafield tag="300" ind1=" " ind2=" ">
    <subfield code="a">4, 410, 2 [i.e. 6, 819, 3] p. :</subfield>
    <subfield code="b">ill. ;</subfield>
    <subfield code="c">9 x 33 cm.</subfield>
  </datafield>
  <datafield tag="500" ind1=" " ind2=" ">
    <subfield code="a">In Tibetan, with appended matter in English.</subfield>
  </datafield>
  <datafield tag="500" ind1=" " ind2=" ">
    <subfield code="a">Revised and enlarged edition of the author&apos;s 1963 work.</subfield>
  </datafield>
  <datafield tag="650" ind1=" " ind2="0">
    <subfield code="a">Rñiṅ-ma-pa (Sect)</subfield>
    <subfield code="x">History.</subfield>
  </datafield>
  <datafield tag="650" ind1=" " ind2="0">
    <subfield code="a">Tibetan language</subfield>
    <subfield code="x">Texts.</subfield>
  </datafield>
</record>