

<record xmlns="http://www.loc.gov/MARC21/slim"
xmlns:xsi="http://www.w3.org/2001/XMLSchema-instance"
xsi:schemaLocation="http://www.loc.gov/MARC21/slim
http://www.loc.gov/standards/marcxml/schema/MARC21slim.xsd">
  <leader>01217nam a2200277Ia 4500</leader>
  <controlfield tag="001">007356095-2</controlfield>
  <controlfield tag="005">20020606163548.3</controlfield>
  <controlfield tag="008">810908s1962    ii            000 0 tibod</controlfield>
  <datafield tag="020" ind1=" " ind2=" ">
    <subfield code="c">Rs4.00</subfield>
  </datafield>
  <datafield tag="035" ind1="0" ind2=" ">
    <subfield code="a">ocm07743551</subfield>
  </datafield>
  <datafield tag="040" ind1=" " ind2=" ">
    <subfield code="a">IUL</subfield>
    <subfield code="c">IUL</subfield>
    <subfield code="d">HLS</subfield>
  </datafield>
  <datafield tag="043" ind1=" " ind2=" ">
    <subfield code="a">a-cc-ti</subfield>
  </datafield>
  <datafield tag="090" ind1=" " ind2=" ">
    <subfield code="a">BQ7935.B772</subfield>
    <subfield code="b">G7</subfield>
  </datafield>
  <datafield tag="100" ind1="0" ind2=" ">
    <subfield code="a">Bstan-ʾdzin-rgya-mtsho,</subfield>
    <subfield code="c">Dalai Lama XIV,</subfield>
    <subfield code="d">1935-</subfield>
  </datafield>
  <datafield tag="245" ind1="1" ind2="0">
    <subfield code="a">Goṅ-sa Skyabs-mgon-chen-po-mchog nas spyi lo 1961-62 gñis kyi gsum bcuʾi dus chen skabs bstsal baʾi gsuṅ bśad khag gñis daṅ Ma ʾoṅs paʾi Bod kyi rtsa khrims sñiṅ don gsal bsgrags bskyaṅs paʾi skor Bod ljoṅs chol gsum mi maṅ ser skya spyi nas sñan źu phul baʾi ṅo bśus.</subfield>
  </datafield>
  <datafield tag="246" ind1="3" ind2=" ">
    <subfield code="a">Ma ʾoṅs paʾi Bod kyi rtsa khrims sñiṅ don gsal bsgrags bskyans paʾi skor.</subfield>
  </datafield>
  <datafield tag="246" ind1="3" ind2=" ">
    <subfield code="a">Official pronouncements, 1961-1962.</subfield>
  </datafield>
  <datafield tag="260" ind1=" " ind2=" ">
    <subfield code="a">[Rdor-gliṅ :</subfield>
    <subfield code="b">Bhagto Lama,</subfield>
    <subfield code="c">1962]</subfield>
  </datafield>
  <datafield tag="300" ind1=" " ind2=" ">
    <subfield code="a">Ka-Ga, 56 p. ;</subfield>
    <subfield code="c">19 cm.</subfield>
  </datafield>
  <datafield tag="500" ind1=" " ind2=" ">
    <subfield code="a">In Tibetan.</subfield>
  </datafield>
  <datafield tag="500" ind1=" " ind2=" ">
    <subfield code="a">Cover title: Official pronouncements, 1961-62.</subfield>
  </datafield>
  <datafield tag="650" ind1=" " ind2="0">
    <subfield code="a">Tibetan language</subfield>
    <subfield code="x">Texts.</subfield>
  </datafield>
  <datafield tag="700" ind1="0" ind2="2">
    <subfield code="a">Bstan-ʾdzin-rgya-mtsho,</subfield>
    <subfield code="c">Dalai Lama XIV,</subfield>
    <subfield code="d">1935-</subfield>
    <subfield code="t">Ma ʾoṅs paʾi Bod kyi rtsa khrims sñiṅ don gsal bsgrags bskyaṅs paʾi skor.</subfield>
  </datafield>
</record>