

<record xmlns="http://www.loc.gov/MARC21/slim"
xmlns:xsi="http://www.w3.org/2001/XMLSchema-instance"
xsi:schemaLocation="http://www.loc.gov/MARC21/slim
http://www.loc.gov/standards/marcxml/schema/MARC21slim.xsd">
  <leader>01479nam a2200325Ia 4500</leader>
  <controlfield tag="001">007356102-9</controlfield>
  <controlfield tag="005">20020606163548.3</controlfield>
  <controlfield tag="008">811125s1968    ii a          000 0 tibod</controlfield>
  <datafield tag="020" ind1=" " ind2=" ">
    <subfield code="c">Rs6.50</subfield>
  </datafield>
  <datafield tag="035" ind1="0" ind2=" ">
    <subfield code="a">ocm07954651</subfield>
  </datafield>
  <datafield tag="040" ind1=" " ind2=" ">
    <subfield code="a">IUL</subfield>
    <subfield code="c">IUL</subfield>
    <subfield code="d">HLS</subfield>
  </datafield>
  <datafield tag="043" ind1=" " ind2=" ">
    <subfield code="a">a-cc-ti</subfield>
  </datafield>
  <datafield tag="090" ind1=" " ind2=" ">
    <subfield code="a">BQ7805</subfield>
    <subfield code="b">.Z2 1968</subfield>
  </datafield>
  <datafield tag="100" ind1="0" ind2=" ">
    <subfield code="a">Źabs-dkar Tshogs-drug-raṅ-grol,</subfield>
    <subfield code="d">1781-1851.</subfield>
  </datafield>
  <datafield tag="245" ind1="1" ind2="0">
    <subfield code="a">ʾOd gsal rdzogs pa chen poʾi khregs chod lta baʾi glu dbyaṅs sa lam ma lus myur du bgrod paʾi rtsal Idan Mkhaʾ ldiṅ gśog rlabs źes bya ba bźugs so /</subfield>
    <subfield code="c">[Bya-btaṅ Tshogs-drug-raṅ-grol gyis smras]</subfield>
  </datafield>
  <datafield tag="246" ind1="3" ind2=" ">
    <subfield code="a">Mkhaʾ ldiṅ gśog rlabs.</subfield>
  </datafield>
  <datafield tag="246" ind1="3" ind2=" ">
    <subfield code="a">Lhun grub thod rgal gyi glu dbyaṅs tiṅ ʾdzin sgo ʾphar.</subfield>
  </datafield>
  <datafield tag="246" ind1="3" ind2=" ">
    <subfield code="a">Thod gral gnad kyi źal śes mgur dbyaṅs bdud rtsiʾi bum bzaṅ.</subfield>
  </datafield>
  <datafield tag="246" ind1="3" ind2=" ">
    <subfield code="a">Rdzogs chen khregs chod daṅ thod rgal gyi glu dbyaṅs.</subfield>
  </datafield>
  <datafield tag="260" ind1=" " ind2=" ">
    <subfield code="a">[Ḍāl-hor :</subfield>
    <subfield code="b">Phun-gliṅ-gsuṅ-rab-ñams-gso-rgyun-spel-par-khaṅ,</subfield>
    <subfield code="c">1968]</subfield>
  </datafield>
  <datafield tag="300" ind1=" " ind2=" ">
    <subfield code="a">76 [i.e. 151] p. :</subfield>
    <subfield code="b">ill. ;</subfield>
    <subfield code="c">8 x 36 cm.</subfield>
  </datafield>
  <datafield tag="500" ind1=" " ind2=" ">
    <subfield code="a">In Tibetan.</subfield>
  </datafield>
  <datafield tag="500" ind1=" " ind2=" ">
    <subfield code="a">Title on spine: Rdzogs chen khregs chod daṅ thod rgal gyi glu dbyaṅs.</subfield>
  </datafield>
  <datafield tag="505" ind1="2" ind2=" ">
    <subfield code="a">ʾOd gsal rdzogs pa chen poʾi lhun grub thod rgal gyi glu dbyaṅs tiṅ ʾdzin sgo ʾphar brgya phrag gcig car ʾbyed paʾi ldeʾu mig.--Thod rgal gnad kyi źal ses mgur dbyaṅs bdud rtsiʾi bum bzaṅ.</subfield>
  </datafield>
  <datafield tag="650" ind1=" " ind2="0">
    <subfield code="a">Rdzogs chen.</subfield>
  </datafield>
  <datafield tag="650" ind1=" " ind2="0">
    <subfield code="a">Rñiṅ-ma-pa (Sect)</subfield>
    <subfield code="x">Doctrines.</subfield>
  </datafield>
  <datafield tag="650" ind1=" " ind2="0">
    <subfield code="a">Tibetan language</subfield>
    <subfield code="x">Texts.</subfield>
  </datafield>
</record>