

<record xmlns="http://www.loc.gov/MARC21/slim"
xmlns:xsi="http://www.w3.org/2001/XMLSchema-instance"
xsi:schemaLocation="http://www.loc.gov/MARC21/slim
http://www.loc.gov/standards/marcxml/schema/MARC21slim.xsd">
  <leader>01611nam a2200301Ia 4500</leader>
  <controlfield tag="001">007356127-4</controlfield>
  <controlfield tag="005">20100628111400.0</controlfield>
  <controlfield tag="008">821213s1967    ii            000 0 tibod</controlfield>
  <datafield tag="020" ind1=" " ind2=" ">
    <subfield code="c">Rs60.70</subfield>
  </datafield>
  <datafield tag="035" ind1="0" ind2=" ">
    <subfield code="a">ocm09047460</subfield>
  </datafield>
  <datafield tag="040" ind1=" " ind2=" ">
    <subfield code="a">IUL</subfield>
    <subfield code="c">IUL</subfield>
    <subfield code="d">HLS</subfield>
  </datafield>
  <datafield tag="043" ind1=" " ind2=" ">
    <subfield code="a">a-cc-ti</subfield>
  </datafield>
  <datafield tag="090" ind1=" " ind2=" ">
    <subfield code="a">BQ4890.R37</subfield>
    <subfield code="b">K4</subfield>
  </datafield>
  <datafield tag="100" ind1="0" ind2=" ">
    <subfield code="a">Khri-byaṅ Blo-bzaṅ-ye-śes-bstan-ʼdzin-rgya-mtsho,</subfield>
    <subfield code="d">1901-</subfield>
  </datafield>
  <datafield tag="245" ind1="1" ind2="0">
    <subfield code="a">Rdo-rje-śugs-ldan-rtsal gyi las tshogs /</subfield>
    <subfield code="c">[Blo-bzaṅ-ye-śes-bstan-ʼdzin-rgya-mtsho ... sbyar]</subfield>
  </datafield>
  <datafield tag="260" ind1=" " ind2=" ">
    <subfield code="a">[Sbag-sa :</subfield>
    <subfield code="b">Naṅ-bstan-śes-rig-ʼdzin-skyoṅ-slob-gñer-khaṅ,</subfield>
    <subfield code="c">1967]</subfield>
  </datafield>
  <datafield tag="300" ind1=" " ind2=" ">
    <subfield code="a">1 v. in various pagings ;</subfield>
    <subfield code="c">9 x 31 cm.</subfield>
  </datafield>
  <datafield tag="500" ind1=" " ind2=" ">
    <subfield code="a">In Tibetan.</subfield>
  </datafield>
  <datafield tag="500" ind1=" " ind2=" ">
    <subfield code="a">From the binder&apos;s title.</subfield>
  </datafield>
  <datafield tag="505" ind1="0" ind2=" ">
    <subfield code="a">ʼJam-mgon Bstan-sruṅ-rgyal-chen Rdo-rje-śugs-ldan-rtsal la brten paʼi mdos ʼphrin gyi lag len -- Rgyal-chen Rdo-rje-śugs-ldan-rtsal gyi mdos chog Kun-bzaṅ-rgya-mtshoʼi sprin gyi phreṅ ba las rten mdos daṅ bskaṅ mdos kyi cho gaʼi ṅag ʼdon gyi rim pa -- Rgyal-chen Śugs-ldan-rtsal gyi mdos chog Kun-bzaṅ-rgya-mtshoʼi sprin phreṅ las bzlog mdos kyi cho gaʼi ṅag ʼdon gyi rim pa -- ʼJam-mgon-rgyal-baʼi-bstan-sruṅ Rdo-rje-śugs-ldan-drag-po-rtsal la brten nas bsad pa gtso bor gyur paʾi drag poʼi sbyin sreg -- ʼJam-mgon-rgyal-baʼi-bstan-sruṅ Rgyal-chen Rdo-rje-śugs-ldan-rtsal la brten nas źi rgyas dbaṅ gsum gyi sbyin sreg.</subfield>
  </datafield>
  <datafield tag="650" ind1=" " ind2="0">
    <subfield code="a">Rdo-rje-śugs-ldan-rtsal (Buddhist deity)</subfield>
    <subfield code="x">Cult.</subfield>
  </datafield>
  <datafield tag="650" ind1=" " ind2="0">
    <subfield code="a">Dge-lugs-pa (Sect)</subfield>
    <subfield code="x">Rituals.</subfield>
  </datafield>
  <datafield tag="650" ind1=" " ind2="0">
    <subfield code="a">Mdos (Tibetan ritual)</subfield>
  </datafield>
  <datafield tag="650" ind1=" " ind2="0">
    <subfield code="a">Homa (Rite)</subfield>
  </datafield>
  <datafield tag="650" ind1=" " ind2="0">
    <subfield code="a">Tibetan language</subfield>
    <subfield code="x">Texts.</subfield>
  </datafield>
</record>