

<record xmlns="http://www.loc.gov/MARC21/slim"
xmlns:xsi="http://www.w3.org/2001/XMLSchema-instance"
xsi:schemaLocation="http://www.loc.gov/MARC21/slim
http://www.loc.gov/standards/marcxml/schema/MARC21slim.xsd">
  <leader>01929nam a2200385Ia 4500</leader>
  <controlfield tag="001">007356131-2</controlfield>
  <controlfield tag="005">20020606163548.3</controlfield>
  <controlfield tag="008">830323s1968    ii            000 0 tib d</controlfield>
  <datafield tag="010" ind1=" " ind2=" ">
    <subfield code="a">   78929542</subfield>
  </datafield>
  <datafield tag="020" ind1=" " ind2=" ">
    <subfield code="c">Rs6.50</subfield>
  </datafield>
  <datafield tag="035" ind1="0" ind2=" ">
    <subfield code="a">ocm09337812</subfield>
  </datafield>
  <datafield tag="035" ind1="0" ind2=" ">
    <subfield code="a">ocm09337812</subfield>
    <subfield code="z">ocm16111464</subfield>
  </datafield>
  <datafield tag="040" ind1=" " ind2=" ">
    <subfield code="a">IUL</subfield>
    <subfield code="c">IUL</subfield>
    <subfield code="d">PAU</subfield>
    <subfield code="d">HLS</subfield>
  </datafield>
  <datafield tag="041" ind1="1" ind2=" ">
    <subfield code="a">engtib</subfield>
    <subfield code="h">tib</subfield>
  </datafield>
  <datafield tag="043" ind1=" " ind2=" ">
    <subfield code="a">a-cc-ti</subfield>
  </datafield>
  <datafield tag="090" ind1=" " ind2=" ">
    <subfield code="a">BQ7665.2</subfield>
    <subfield code="b">.M36 1968</subfield>
  </datafield>
  <datafield tag="245" ind1="0" ind2="4">
    <subfield code="a">The Mañjuśrī tradition and the Ženpa židel :</subfield>
    <subfield code="b">parting from the four desires /</subfield>
    <subfield code="c">translated from the Tibetan by Thutop Tulku and Ngawang Sonam Tenzin.</subfield>
  </datafield>
  <datafield tag="246" ind1="3" ind2=" ">
    <subfield code="a">Źen pa bźi bral gyi gdams ṅag. English &amp; Tibetan.</subfield>
  </datafield>
  <datafield tag="246" ind1="3" ind2=" ">
    <subfield code="a">Źen pa bźi bral gyi bla ma brgyud pa la gsol ʾdebs. English &amp; Tibetan.</subfield>
  </datafield>
  <datafield tag="260" ind1=" " ind2=" ">
    <subfield code="a">Sarnath :</subfield>
    <subfield code="b">Sakya Centre,</subfield>
    <subfield code="c">1968.</subfield>
  </datafield>
  <datafield tag="300" ind1=" " ind2=" ">
    <subfield code="a">ii, 11, 57 p. ;</subfield>
    <subfield code="c">19 cm.</subfield>
  </datafield>
  <datafield tag="500" ind1=" " ind2=" ">
    <subfield code="a">In Tibetan and English.</subfield>
  </datafield>
  <datafield tag="505" ind1="0" ind2=" ">
    <subfield code="a">The Mañjuśri tradition -- Blo sbyoṅ źen pa bźi bral gyi man ṅag sñiṅ po = Pith instructions on parting from the four desires / Grags-pa-rgyal-mtshan -- Źen pa bźi bral gyi gdams ṅag / Sa-skya Paṇḍita -- Meditation of the Źen pa źidel / Ṅor-chen Kun-dgaʾ-bzaṅ-po -- Źen pa bźi bral gyi bla ma brgyud pa la gsol ʾdebs / Kun-dgaʾ-bzaṅ-po.</subfield>
  </datafield>
  <datafield tag="650" ind1=" " ind2="0">
    <subfield code="a">Sa-skya-pa (Sect)</subfield>
    <subfield code="x">Doctrines.</subfield>
  </datafield>
  <datafield tag="650" ind1=" " ind2="0">
    <subfield code="a">Sa-skya-pa (Sect)</subfield>
    <subfield code="x">History.</subfield>
  </datafield>
  <datafield tag="650" ind1=" " ind2="0">
    <subfield code="a">Źen pa bźi bral (Buddhist doctrine)</subfield>
  </datafield>
  <datafield tag="650" ind1=" " ind2="0">
    <subfield code="a">Mañjuśrī (Buddhist deity)</subfield>
    <subfield code="x">Cult</subfield>
    <subfield code="z">China</subfield>
    <subfield code="z">Tibet Autonomous Region.</subfield>
  </datafield>
  <datafield tag="650" ind1=" " ind2="0">
    <subfield code="a">Tibetan language</subfield>
    <subfield code="x">Texts.</subfield>
  </datafield>
  <datafield tag="700" ind1="0" ind2=" ">
    <subfield code="a">Ngawang Sonam Tenzin.</subfield>
  </datafield>
  <datafield tag="700" ind1="0" ind2=" ">
    <subfield code="a">Thutop Tulku.</subfield>
  </datafield>
  <datafield tag="700" ind1="0" ind2="2">
    <subfield code="a">Grags-pa-rgyal-mtshan,</subfield>
    <subfield code="d">1147-1216.</subfield>
    <subfield code="t">Źen pa bźi bral gyi man ṅag.</subfield>
    <subfield code="l">English &amp; Tibetan.</subfield>
  </datafield>
  <datafield tag="700" ind1="0" ind2="2">
    <subfield code="a">Sa-skya Paṇḍi-ta Kun-dgaʾ-rgyal-mtshan,</subfield>
    <subfield code="d">1182-1251.</subfield>
    <subfield code="t">Źen pa bźi bral gyi gdams ṅag.</subfield>
    <subfield code="l">English &amp; Tibetan.</subfield>
  </datafield>
  <datafield tag="700" ind1="0" ind2="2">
    <subfield code="a">Ṅor-chen Kun-dgaʾ-bzaṅ-po,</subfield>
    <subfield code="d">1382-1456.</subfield>
    <subfield code="t">Źen pa bźi bral gyi bla ma brgyud pa la gsol ʾdebs.</subfield>
    <subfield code="l">English &amp; Tibetan.</subfield>
  </datafield>
</record>