

<record xmlns="http://www.loc.gov/MARC21/slim"
xmlns:xsi="http://www.w3.org/2001/XMLSchema-instance"
xsi:schemaLocation="http://www.loc.gov/MARC21/slim
http://www.loc.gov/standards/marcxml/schema/MARC21slim.xsd">
  <leader>01046nam a2200289Ia 4500</leader>
  <controlfield tag="001">007356135-5</controlfield>
  <controlfield tag="005">20020606163548.3</controlfield>
  <controlfield tag="008">830621s1968    ii            000 0 tibod</controlfield>
  <datafield tag="020" ind1=" " ind2=" ">
    <subfield code="c">Rs1.25</subfield>
  </datafield>
  <datafield tag="035" ind1="0" ind2=" ">
    <subfield code="a">ocm09629031</subfield>
  </datafield>
  <datafield tag="040" ind1=" " ind2=" ">
    <subfield code="a">IUL</subfield>
    <subfield code="c">IUL</subfield>
    <subfield code="d">HLS</subfield>
  </datafield>
  <datafield tag="043" ind1=" " ind2=" ">
    <subfield code="a">a-cc-ti</subfield>
  </datafield>
  <datafield tag="090" ind1=" " ind2=" ">
    <subfield code="a">BQ7662.4</subfield>
    <subfield code="b">.M669 1968</subfield>
  </datafield>
  <datafield tag="100" ind1="0" ind2=" ">
    <subfield code="a">Mkhyen-brtseʼi-dbaṅ-po,</subfield>
    <subfield code="c">ʼJam-dbyaṅs,</subfield>
    <subfield code="d">1820-1892.</subfield>
  </datafield>
  <datafield tag="245" ind1="1" ind2="0">
    <subfield code="a">Tshe g ́yaṅ ʼgugs paʼi phrin las khrigs su bsdebs pa Tshe bsod ʼdod dguʼi dpal ster źes bya ba bźugs so /</subfield>
    <subfield code="c">[Mkhyen-brtseʼi-dbaṅ-pos bris]</subfield>
  </datafield>
  <datafield tag="246" ind1="3" ind2=" ">
    <subfield code="a">Tshe bsod ʼdod dguʼi dpal ster.</subfield>
  </datafield>
  <datafield tag="260" ind1=" " ind2=" ">
    <subfield code="a">[Ḍāl-hor :</subfield>
    <subfield code="b">Phun-gliṅ-gsuṅ-rab-ñams-gso-rgyun-spel Par-khaṅ,</subfield>
    <subfield code="c">1968]</subfield>
  </datafield>
  <datafield tag="300" ind1=" " ind2=" ">
    <subfield code="a">15 [i.e. 30] p. ;</subfield>
    <subfield code="c">9 x 37 cm.</subfield>
  </datafield>
  <datafield tag="500" ind1=" " ind2=" ">
    <subfield code="a">In Tibetan.</subfield>
  </datafield>
  <datafield tag="600" ind1="0" ind2="0">
    <subfield code="a">Nam-mkhaʼ-ʼjigs-med,</subfield>
    <subfield code="c">Lha-btsun,</subfield>
    <subfield code="d">1597-</subfield>
    <subfield code="t">Rig ʼdzin srog sgrub.</subfield>
  </datafield>
  <datafield tag="650" ind1=" " ind2="0">
    <subfield code="a">Āyuḥsādhana (Buddhist rite)</subfield>
  </datafield>
  <datafield tag="650" ind1=" " ind2="0">
    <subfield code="a">G ́yaṅ ʼgugs (Tibetan rite)</subfield>
  </datafield>
  <datafield tag="650" ind1=" " ind2="0">
    <subfield code="a">Rñiṅ-ma-pa (Sect)</subfield>
    <subfield code="x">Rituals.</subfield>
  </datafield>
  <datafield tag="650" ind1=" " ind2="0">
    <subfield code="a">Tibetan language</subfield>
    <subfield code="x">Texts.</subfield>
  </datafield>
</record>