

<record xmlns="http://www.loc.gov/MARC21/slim"
xmlns:xsi="http://www.w3.org/2001/XMLSchema-instance"
xsi:schemaLocation="http://www.loc.gov/MARC21/slim
http://www.loc.gov/standards/marcxml/schema/MARC21slim.xsd">
  <leader>00992nam a2200277Ia 4500</leader>
  <controlfield tag="001">007356140-1</controlfield>
  <controlfield tag="005">20020606163548.3</controlfield>
  <controlfield tag="008">830817s1964    ii            000 0 tibod</controlfield>
  <datafield tag="035" ind1="0" ind2=" ">
    <subfield code="a">ocm09817541</subfield>
  </datafield>
  <datafield tag="040" ind1=" " ind2=" ">
    <subfield code="a">IUL</subfield>
    <subfield code="c">IUL</subfield>
    <subfield code="d">HLS</subfield>
  </datafield>
  <datafield tag="043" ind1=" " ind2=" ">
    <subfield code="a">a-cc-ti</subfield>
  </datafield>
  <datafield tag="090" ind1=" " ind2=" ">
    <subfield code="a">BQ4330</subfield>
    <subfield code="b">.N3 1964</subfield>
  </datafield>
  <datafield tag="100" ind1="0" ind2=" ">
    <subfield code="a">Ngawang Samten.</subfield>
  </datafield>
  <datafield tag="245" ind1="1" ind2="0">
    <subfield code="a">Rgyal sras źe brgyad kyi brjed byaṅ bźugs pa legs so /</subfield>
    <subfield code="c">[Wa-gindra-dhyā-nas bsgrigs]</subfield>
  </datafield>
  <datafield tag="260" ind1=" " ind2=" ">
    <subfield code="a">[Sbag-sa :</subfield>
    <subfield code="b">Naṅ-bstan-śes-rig-ʾdzin-skyoṅ-slob-ñer-khaṅ,</subfield>
    <subfield code="c">1964]</subfield>
  </datafield>
  <datafield tag="300" ind1=" " ind2=" ">
    <subfield code="a">19 [i.e. 37] p. ;</subfield>
    <subfield code="c">10 x 50 cm.</subfield>
  </datafield>
  <datafield tag="500" ind1=" " ind2=" ">
    <subfield code="a">In Tibetan.</subfield>
  </datafield>
  <datafield tag="500" ind1=" " ind2=" ">
    <subfield code="a">Stamped on t.p.: Blo-gsal Mkhas-maṅ Bye-baʾi-gliṅ = Khaymang Losal Ling.</subfield>
  </datafield>
  <datafield tag="500" ind1=" " ind2=" ">
    <subfield code="a">&quot;Par ʾdi ʾBras Gtsaṅ du bźugs so.&quot;</subfield>
  </datafield>
  <datafield tag="600" ind1="0" ind2="0">
    <subfield code="a">Tsoṅ-kha-pa Blo-bzaṅ-grags-pa,</subfield>
    <subfield code="d">1357-1419.</subfield>
    <subfield code="t">Legs bśad gser phreṅ.</subfield>
  </datafield>
  <datafield tag="650" ind1=" " ind2="0">
    <subfield code="a">Perfection</subfield>
    <subfield code="x">Religious aspects</subfield>
    <subfield code="x">Buddhism.</subfield>
  </datafield>
  <datafield tag="650" ind1=" " ind2="0">
    <subfield code="a">Dge-lugs-pa (Sect)</subfield>
    <subfield code="x">Doctrines.</subfield>
  </datafield>
  <datafield tag="650" ind1=" " ind2="0">
    <subfield code="a">Tibetan language</subfield>
    <subfield code="x">Texts.</subfield>
  </datafield>
</record>