

<record xmlns="http://www.loc.gov/MARC21/slim"
xmlns:xsi="http://www.w3.org/2001/XMLSchema-instance"
xsi:schemaLocation="http://www.loc.gov/MARC21/slim
http://www.loc.gov/standards/marcxml/schema/MARC21slim.xsd">
  <leader>01299nam a2200313Ia 4500</leader>
  <controlfield tag="001">007356160-6</controlfield>
  <controlfield tag="005">20100628111727.0</controlfield>
  <controlfield tag="008">870514s1968    ii            000 0 tibod</controlfield>
  <datafield tag="010" ind1=" " ind2=" ">
    <subfield code="a">   79929072</subfield>
  </datafield>
  <datafield tag="020" ind1=" " ind2=" ">
    <subfield code="c">Rs35.00</subfield>
  </datafield>
  <datafield tag="035" ind1="0" ind2=" ">
    <subfield code="a">ocm15687248</subfield>
  </datafield>
  <datafield tag="040" ind1=" " ind2=" ">
    <subfield code="a">IUL</subfield>
    <subfield code="c">IUL</subfield>
    <subfield code="d">HLS</subfield>
  </datafield>
  <datafield tag="043" ind1=" " ind2=" ">
    <subfield code="a">a-cc-ti</subfield>
  </datafield>
  <datafield tag="050" ind1="0" ind2=" ">
    <subfield code="a">BQ7950.T754</subfield>
    <subfield code="b">L347 1968</subfield>
  </datafield>
  <datafield tag="100" ind1="0" ind2=" ">
    <subfield code="a">Tsoṅ-kha-pa Blo-bzaṅ-grags-pa,</subfield>
    <subfield code="d">1357-1419.</subfield>
  </datafield>
  <datafield tag="240" ind1="1" ind2="0">
    <subfield code="a">Lam rim chuṅ ba</subfield>
  </datafield>
  <datafield tag="245" ind1="1" ind2="0">
    <subfield code="a">Skyes bu gsum gyis ñams su blaṅ baʼi byaṅ chub lam gyi rim pa ʼbriṅ po sa bcad kha skoṅ daṅ bcas pa bźugs so /</subfield>
    <subfield code="c">[Tsoṅ-kha-pa Ble-bzaṅ-grags-pa-dpal gyis sbyar ; sa bcad gsar du phye ʼgod pa po ni Khri-byaṅ Skye-miṅ-pa Blo-bzaṅ-ye-śes-bstan-ʼdzin-rgya-mtshor ʾbod pas bgyis]</subfield>
  </datafield>
  <datafield tag="260" ind1=" " ind2=" ">
    <subfield code="a">[Rda-ram-sa-la :</subfield>
    <subfield code="b">Dge-ldan-lugs-bzaṅ Rig-gźuṅ-gces-skyoṅ Tshogs-pa,</subfield>
    <subfield code="c">1968]</subfield>
  </datafield>
  <datafield tag="300" ind1=" " ind2=" ">
    <subfield code="a">527 p. ;</subfield>
    <subfield code="c">9 x 50 cm.</subfield>
  </datafield>
  <datafield tag="500" ind1=" " ind2=" ">
    <subfield code="a">In Tibetan.</subfield>
  </datafield>
  <datafield tag="500" ind1=" " ind2=" ">
    <subfield code="a">Notes by Khri-byaṅ composed in 1966; also includes a smon lam by Khri-byaṅ.</subfield>
  </datafield>
  <datafield tag="600" ind1="0" ind2="0">
    <subfield code="a">Tsoṅ-kha-pa Blo-bzaṅ-grags-pa,</subfield>
    <subfield code="d">1357-1419.</subfield>
    <subfield code="t">Lam rim chuṅ ba.</subfield>
  </datafield>
  <datafield tag="650" ind1=" " ind2="0">
    <subfield code="a">Lam-rim.</subfield>
  </datafield>
  <datafield tag="650" ind1=" " ind2="0">
    <subfield code="a">Dge-lugs-pa (Sect)</subfield>
    <subfield code="x">Doctrines.</subfield>
  </datafield>
  <datafield tag="650" ind1=" " ind2="0">
    <subfield code="a">Tibetan language</subfield>
    <subfield code="x">Texts.</subfield>
  </datafield>
  <datafield tag="700" ind1="0" ind2=" ">
    <subfield code="a">Khri-byaṅ Blo-bzaṅ-ye-śes-bstan-ʼdzin-rgya-mtsho,</subfield>
    <subfield code="d">1901-</subfield>
  </datafield>
</record>