

<record xmlns="http://www.loc.gov/MARC21/slim"
xmlns:xsi="http://www.w3.org/2001/XMLSchema-instance"
xsi:schemaLocation="http://www.loc.gov/MARC21/slim
http://www.loc.gov/standards/marcxml/schema/MARC21slim.xsd">
  <leader>01265nam a2200253Ma 4500</leader>
  <controlfield tag="001">007356273-4</controlfield>
  <controlfield tag="005">20020606163548.3</controlfield>
  <controlfield tag="008">900815s1963    ii            000 0 tib d</controlfield>
  <datafield tag="035" ind1="0" ind2=" ">
    <subfield code="a">ocm25887831</subfield>
  </datafield>
  <datafield tag="040" ind1=" " ind2=" ">
    <subfield code="a">CUY</subfield>
    <subfield code="c">CUY</subfield>
    <subfield code="d">HLS</subfield>
  </datafield>
  <datafield tag="100" ind1="0" ind2=" ">
    <subfield code="a">Bsod-nams-grags-pa,</subfield>
    <subfield code="c">Paṇ-chen,</subfield>
    <subfield code="d">1478-1554.</subfield>
  </datafield>
  <datafield tag="240" ind1="1" ind2="0">
    <subfield code="a">Phar phyin spyi don.</subfield>
  </datafield>
  <datafield tag="245" ind1="1" ind2="0">
    <subfield code="a">Śes rab kyi pha rol tu phyin paʼi man ṅag gi bstan bcos mṅon par rtogs pa&apos;i rgyan ʼgrel pa daṅ bcas paʼi rnam bśad sñiṅ po rgyan gyi don legs par bśad pa Yum don gsal baʼi sgron me bźugs so.</subfield>
  </datafield>
  <datafield tag="246" ind1="3" ind2=" ">
    <subfield code="a">Śer phyin mṅon rtogs rgyan &apos;grel yum don gsal sgron.</subfield>
  </datafield>
  <datafield tag="246" ind1="3" ind2=" ">
    <subfield code="a">Yum don gsal baʼi sgron me.</subfield>
  </datafield>
  <datafield tag="260" ind1=" " ind2=" ">
    <subfield code="a">Sbag-sa :</subfield>
    <subfield code="b">Naṅ-bstan-śes-rig-ʼdzin-skyoṅ-slob -ñer-mkhaṅ,</subfield>
    <subfield code="c">[1963?]</subfield>
  </datafield>
  <datafield tag="300" ind1=" " ind2=" ">
    <subfield code="a">377, 3, 2, 2 [i.e. 753, 6, 2, 3] p. :</subfield>
    <subfield code="b">ill. ;</subfield>
    <subfield code="c">11 x 51 cm.</subfield>
  </datafield>
  <datafield tag="500" ind1=" " ind2=" ">
    <subfield code="a">In Tibetan; cover title: Śer phyin mṅon rtogs rgyan &apos;grel yum don gsal sgron.</subfield>
  </datafield>
  <datafield tag="600" ind1="0" ind2="0">
    <subfield code="a">Rgyal-tshab Dar-ma-rin-chen,</subfield>
    <subfield code="d">1364-1432.</subfield>
    <subfield code="t">Rnam bśad sñiṅ rgyan.</subfield>
  </datafield>
  <datafield tag="600" ind1="0" ind2="0">
    <subfield code="a">Haribhadra,</subfield>
    <subfield code="d">active 9th century.</subfield>
    <subfield code="t">Sphuṭārtha.</subfield>
  </datafield>
  <datafield tag="630" ind1="0" ind2="0">
    <subfield code="a">Tripiṭaka.</subfield>
    <subfield code="p">Sūtrapiṭaka.</subfield>
    <subfield code="p">Prajñāpāramitā.</subfield>
    <subfield code="p">Pañcaviṃśatisāhasrikā</subfield>
    <subfield code="x">Commentaries</subfield>
    <subfield code="x">Early works to 1800.</subfield>
  </datafield>
  <datafield tag="630" ind1="0" ind2="0">
    <subfield code="a">Abhisamayālaṅkāra</subfield>
    <subfield code="x">Commentaries</subfield>
    <subfield code="x">Early works to 1800.</subfield>
  </datafield>
</record>