

<record xmlns="http://www.loc.gov/MARC21/slim"
xmlns:xsi="http://www.w3.org/2001/XMLSchema-instance"
xsi:schemaLocation="http://www.loc.gov/MARC21/slim
http://www.loc.gov/standards/marcxml/schema/MARC21slim.xsd">
  <leader>01746cam a2200325Ii 4500</leader>
  <controlfield tag="001">007366328-X</controlfield>
  <controlfield tag="005">20020606163548.3</controlfield>
  <controlfield tag="008">781106s1973    ii            000 0 tib d</controlfield>
  <datafield tag="010" ind1=" " ind2=" ">
    <subfield code="a">   73906925</subfield>
  </datafield>
  <datafield tag="020" ind1=" " ind2=" ">
    <subfield code="c">Rs180.00</subfield>
  </datafield>
  <datafield tag="035" ind1="0" ind2=" ">
    <subfield code="a">ocm04349173</subfield>
  </datafield>
  <datafield tag="040" ind1=" " ind2=" ">
    <subfield code="a">IUL</subfield>
    <subfield code="c">IUL</subfield>
    <subfield code="d">OCL</subfield>
    <subfield code="d">HLS</subfield>
  </datafield>
  <datafield tag="090" ind1=" " ind2=" ">
    <subfield code="a">BQ7674.4</subfield>
    <subfield code="b">.B5 1973</subfield>
  </datafield>
  <datafield tag="245" ind1="0" ind2="0">
    <subfield code="a">Bkaʾ brgyad Bde gśegs ʾdus pa sgrub skor :</subfield>
    <subfield code="b">texts for the preparation rituals and performances of the ʾBri-guṅ Bkaʾ-brgyad practices /</subfield>
    <subfield code="c">by Tshul-khrims-ʾbyuṅ-gnas and ʾBri-guṅ Rig-ʾdzin Chos-kyi-grags-pa.</subfield>
  </datafield>
  <datafield tag="246" ind1="3" ind2=" ">
    <subfield code="a">ʾBri-guṅ Bkaʾ brgyad chos skor.</subfield>
  </datafield>
  <datafield tag="260" ind1=" " ind2=" ">
    <subfield code="a">Leh :</subfield>
    <subfield code="b">[s.n.],</subfield>
    <subfield code="c">1973.</subfield>
  </datafield>
  <datafield tag="300" ind1=" " ind2=" ">
    <subfield code="a">359 p. ;</subfield>
    <subfield code="c">12 x 48 cm.</subfield>
  </datafield>
  <datafield tag="500" ind1=" " ind2=" ">
    <subfield code="a">&quot;Reproduced from original manuscripts preserved at Gangon Monastery in Ladakh by Tseten Namgyal&quot;: t.p.</subfield>
  </datafield>
  <datafield tag="500" ind1=" " ind2=" ">
    <subfield code="a">Added title on boards: ʾBri-guṅ Bkaʾ brgyad chos skor.</subfield>
  </datafield>
  <datafield tag="500" ind1=" " ind2=" ">
    <subfield code="a">Text in Tibetan.</subfield>
  </datafield>
  <datafield tag="505" ind1="0" ind2=" ">
    <subfield code="a">Bde gśegs ʾdus pa sgrub pa Bkaʾ brgyad bskyed rdzogs ʾbriṅs paʾi sṅon ʾgro las rim bdun pa.--Bde gśegs ʾdus pa sgrub ba Bkaʾ brgyad bskyed rdzogs ʾbriṅ paʾi dṅos gźi las byaṅ don brgyad ma.--Bkaʾ brgyad khro bo rol gnam lcags thog chen gyi bzlog paʾi bcaʾ bźin nag ʾgros su bkod pa.--Bde gśegs sgrub pa Bkaʾ brgyad kyi sgo dbye gser skyems daṅ gzor bcas pa.--Bkaʾ brgyad Bde gśegs ʾdus paʾi gtor bzlog khro bo rol paʾi cha lag gdams phran daṅ bcas paʾi lag len gnam lcags rdo rje thog chen źes bya bar lus ʾbriṅ po daṅ man sṅags.</subfield>
  </datafield>
  <datafield tag="630" ind1="0" ind2="0">
    <subfield code="a">Bkaʾ brgyad Bde gśegs ʾdus pa.</subfield>
  </datafield>
  <datafield tag="650" ind1=" " ind2="0">
    <subfield code="a">ʾBri-guṅ-pa (Sect)</subfield>
    <subfield code="x">Rituals.</subfield>
  </datafield>
  <datafield tag="650" ind1=" " ind2="0">
    <subfield code="a">Sde brgyad.</subfield>
  </datafield>
  <datafield tag="650" ind1=" " ind2="0">
    <subfield code="a">Tibetan language</subfield>
    <subfield code="x">Texts.</subfield>
  </datafield>
  <datafield tag="700" ind1="0" ind2=" ">
    <subfield code="a">Tshul-khrims-ʾbyuṅ-gnas.</subfield>
  </datafield>
  <datafield tag="700" ind1="0" ind2=" ">
    <subfield code="a">Chos-kyi-grags-pa,</subfield>
    <subfield code="c">Rig-ʾdzin.</subfield>
  </datafield>
</record>