

<record xmlns="http://www.loc.gov/MARC21/slim"
xmlns:xsi="http://www.w3.org/2001/XMLSchema-instance"
xsi:schemaLocation="http://www.loc.gov/MARC21/slim
http://www.loc.gov/standards/marcxml/schema/MARC21slim.xsd">
  <leader>01145nam a2200277Ii 4500</leader>
  <controlfield tag="001">007366330-1</controlfield>
  <controlfield tag="005">20020606163548.3</controlfield>
  <controlfield tag="008">781212s1974    ii            000 0atib d</controlfield>
  <datafield tag="010" ind1=" " ind2=" ">
    <subfield code="a">   74900427</subfield>
  </datafield>
  <datafield tag="035" ind1="0" ind2=" ">
    <subfield code="a">ocm04446913</subfield>
  </datafield>
  <datafield tag="040" ind1=" " ind2=" ">
    <subfield code="a">IUL</subfield>
    <subfield code="c">IUL</subfield>
    <subfield code="d">HLS</subfield>
  </datafield>
  <datafield tag="090" ind1=" " ind2=" ">
    <subfield code="a">BQ7662.9.J3</subfield>
    <subfield code="b">A3 1974</subfield>
  </datafield>
  <datafield tag="100" ind1="0" ind2=" ">
    <subfield code="a">ʾJaʾ-tshon-sñiṅ-po,</subfield>
    <subfield code="c">Gter-ston,</subfield>
    <subfield code="d">1585-1656.</subfield>
  </datafield>
  <datafield tag="245" ind1="0" ind2="4">
    <subfield code="a">The autobiography of ʾJaʾ-tshon-sñiṅ-po.</subfield>
  </datafield>
  <datafield tag="246" ind1="3" ind2=" ">
    <subfield code="a">Rig-ʾdzin ʾJaʾ-tshon-sñiṅ-poʾi rnam thar sprul pa bdun skor.</subfield>
  </datafield>
  <datafield tag="260" ind1=" " ind2=" ">
    <subfield code="a">Bir, H. P. :</subfield>
    <subfield code="b">[Kandro?],</subfield>
    <subfield code="c">1974.</subfield>
  </datafield>
  <datafield tag="300" ind1=" " ind2=" ">
    <subfield code="a">[167] p. ;</subfield>
    <subfield code="c">27 x 37 cm.</subfield>
  </datafield>
  <datafield tag="500" ind1=" " ind2=" ">
    <subfield code="a">Half title: Rig-ʾdzin ʾJaʾ-tshon-sñiṅ-poʾi rnam thar sprul pa bdun skor daṅ phyi naṅ gsaṅ baʾi rnam thar, gter ʾbyuṅ gi rim ba, źal gdams, rnam thar ñuṅ bsdus, źal chems bcas bźugs.</subfield>
  </datafield>
  <datafield tag="500" ind1=" " ind2=" ">
    <subfield code="a">Tibetan in cursive script.</subfield>
  </datafield>
  <datafield tag="500" ind1=" " ind2=" ">
    <subfield code="a">&quot;Reproduced from a manuscript collection from the library of Nam-mkhaʾ-rdo-rje of Naṅ-chen by Kandro&quot;: t.p.</subfield>
  </datafield>
  <datafield tag="600" ind1="0" ind2="0">
    <subfield code="a">ʾJaʾ-tshon-sñiṅ-po,</subfield>
    <subfield code="c">Gter-ston,</subfield>
    <subfield code="d">1585-1656.</subfield>
  </datafield>
  <datafield tag="650" ind1=" " ind2="0">
    <subfield code="a">Rñiṅ-ma-pa (Sect)</subfield>
    <subfield code="v">Biography.</subfield>
  </datafield>
  <datafield tag="650" ind1=" " ind2="0">
    <subfield code="a">Tibetan language</subfield>
    <subfield code="x">Texts.</subfield>
  </datafield>
</record>