

<record xmlns="http://www.loc.gov/MARC21/slim"
xmlns:xsi="http://www.w3.org/2001/XMLSchema-instance"
xsi:schemaLocation="http://www.loc.gov/MARC21/slim
http://www.loc.gov/standards/marcxml/schema/MARC21slim.xsd">
  <leader>01869nam a2200301Ii 4500</leader>
  <controlfield tag="001">007366341-7</controlfield>
  <controlfield tag="005">20020606163548.3</controlfield>
  <controlfield tag="008">800604s1969    ii a          000 0 tibod</controlfield>
  <datafield tag="010" ind1=" " ind2=" ">
    <subfield code="a">   75907154</subfield>
  </datafield>
  <datafield tag="020" ind1=" " ind2=" ">
    <subfield code="c">Rs65.00</subfield>
  </datafield>
  <datafield tag="035" ind1="0" ind2=" ">
    <subfield code="a">ocm06385764</subfield>
  </datafield>
  <datafield tag="040" ind1=" " ind2=" ">
    <subfield code="a">IUL</subfield>
    <subfield code="c">IUL</subfield>
    <subfield code="d">HLS</subfield>
  </datafield>
  <datafield tag="090" ind1=" " ind2=" ">
    <subfield code="a">BQ7662.4</subfield>
    <subfield code="b">.K2795 1969</subfield>
  </datafield>
  <datafield tag="130" ind1="0" ind2=" ">
    <subfield code="a">Bar do thos grol.</subfield>
  </datafield>
  <datafield tag="245" ind1="1" ind2="0">
    <subfield code="a">Źi khro dgȯns pa raṅ grol :</subfield>
    <subfield code="b">a collection of rediscovered texts from the gter-ma of Karma-gliṅ-pa including the Bar do thos grol, often called the &quot;Tibetan Book of the Dead&quot; /</subfield>
    <subfield code="c">edited and supplemented by Rig-ʼdzin Ñi-ma-grags-pa of Khams.</subfield>
  </datafield>
  <datafield tag="260" ind1=" " ind2=" ">
    <subfield code="a">Kelang :</subfield>
    <subfield code="b">[s.n.],</subfield>
    <subfield code="c">1969.</subfield>
  </datafield>
  <datafield tag="300" ind1=" " ind2=" ">
    <subfield code="a">228 [i.e. 456] p. in various pagings ;</subfield>
    <subfield code="c">12 x 41 cm.</subfield>
  </datafield>
  <datafield tag="500" ind1=" " ind2=" ">
    <subfield code="a">In Tibetan.</subfield>
  </datafield>
  <datafield tag="500" ind1=" " ind2=" ">
    <subfield code="a">&quot;Printed from blocks preserved in the Khaṅ-gsar Fortress (Gemur Temple) in Gar-źwa.&quot;</subfield>
  </datafield>
  <datafield tag="505" ind1="0" ind2=" ">
    <subfield code="a">Chos ñid bar doʼi gsol ʼdebs thos grol chen mo.--Ñi-zla-ʼod-zer. Khro boʼi bar do ʼchar tshul bstan pa.--Saṅs rgyas daṅ byaṅ chub sems dpaʼ rnams la ra mdaʼ sgran paʼi smon lam.--Bar doʼi rtsa tshig.--Bar do ʼphraṅ sgrol kyi smon lam.--Srid pa bar doʼi ṅo sprod.--Btags grol phuṅ po raṅ grol.--ʼChi ltas mtshan ma raṅ grol.--Padma-ʼbyuṅ-gnas. Rig pa ṅo sprod gcer mthoṅ raṅ grol.--Padma-ʼbyuṅ-gnas. Srid pa bar doʼi dge sdig raʼn gzugs bstan paʼi gdams pa srid pa bar do raṅ grol.--Srid pa bar doʼi dge sdig raṅ gzugs bstan paʼi lhan thabs.--Brgyud paʼi gsol ʼdebs.--Padma. ʼChi bslu ʼjigs pa raṅ grol. Źi khro kloṅ bśags brjod pa raṅ grol.--Btags grol yid bźin nor mchog.--Chos spyod bag chags raṅ grol.</subfield>
  </datafield>
  <datafield tag="650" ind1=" " ind2="0">
    <subfield code="a">Rñiṅ-ma-pa (Sect)</subfield>
    <subfield code="x">Rituals.</subfield>
  </datafield>
  <datafield tag="650" ind1=" " ind2="0">
    <subfield code="a">Intermediate state</subfield>
    <subfield code="x">Buddhism.</subfield>
  </datafield>
  <datafield tag="650" ind1=" " ind2="0">
    <subfield code="a">Tibetan language</subfield>
    <subfield code="x">Texts.</subfield>
  </datafield>
  <datafield tag="700" ind1="0" ind2=" ">
    <subfield code="a">Karma-gliṅ-pa,</subfield>
    <subfield code="d">active 14th century.</subfield>
  </datafield>
  <datafield tag="700" ind1="0" ind2=" ">
    <subfield code="a">Ñi-ma-grags-pa,</subfield>
    <subfield code="c">Khams-pa,</subfield>
    <subfield code="d">active 19th century.</subfield>
  </datafield>
</record>