

<record xmlns="http://www.loc.gov/MARC21/slim"
xmlns:xsi="http://www.w3.org/2001/XMLSchema-instance"
xsi:schemaLocation="http://www.loc.gov/MARC21/slim
http://www.loc.gov/standards/marcxml/schema/MARC21slim.xsd">
  <leader>01615nam a2200301Ii 4500</leader>
  <controlfield tag="001">007366342-5</controlfield>
  <controlfield tag="005">20020606163548.3</controlfield>
  <controlfield tag="008">800605s1972    ii a          000 0 tibod</controlfield>
  <datafield tag="010" ind1=" " ind2=" ">
    <subfield code="a">   72906841</subfield>
  </datafield>
  <datafield tag="020" ind1=" " ind2=" ">
    <subfield code="c">Rs76.60</subfield>
  </datafield>
  <datafield tag="035" ind1="0" ind2=" ">
    <subfield code="a">ocm06392290</subfield>
  </datafield>
  <datafield tag="040" ind1=" " ind2=" ">
    <subfield code="a">IUL</subfield>
    <subfield code="c">IUL</subfield>
    <subfield code="d">HLS</subfield>
  </datafield>
  <datafield tag="090" ind1=" " ind2=" ">
    <subfield code="a">BQ7662.4</subfield>
    <subfield code="b">.K27985 1972</subfield>
  </datafield>
  <datafield tag="130" ind1="0" ind2=" ">
    <subfield code="a">Bar do thos grol.</subfield>
  </datafield>
  <datafield tag="245" ind1="1" ind2="0">
    <subfield code="a">Źi khro dgoṅs pa raṅ grol /</subfield>
    <subfield code="c">[Karma-gliṅ-pas gter nas gdan draṅs paʼo.</subfield>
  </datafield>
  <datafield tag="260" ind1=" " ind2=" ">
    <subfield code="a">Sgaṅ-tog :</subfield>
    <subfield code="b">s.n.,</subfield>
    <subfield code="c">1972].</subfield>
  </datafield>
  <datafield tag="300" ind1=" " ind2=" ">
    <subfield code="a">189 p. in various pagings;</subfield>
    <subfield code="c">9 x 40 cm.</subfield>
  </datafield>
  <datafield tag="500" ind1=" " ind2=" ">
    <subfield code="a">In Tibetan.</subfield>
  </datafield>
  <datafield tag="500" ind1=" " ind2=" ">
    <subfield code="a">Title from binder&apos;s case.</subfield>
  </datafield>
  <datafield tag="500" ind1=" " ind2=" ">
    <subfield code="a">Xylograph from blocks kept at Jo-khaṅ Ri-khrod in Gangtok.</subfield>
  </datafield>
  <datafield tag="505" ind1="0" ind2=" ">
    <subfield code="a">Padma-ʼbyuṅ-gnas. Sku gsum bla maʼi rnal ʼbyor gyi gsol ʼdebs dug gsum ma spaṅ raṅ grol.--Chos ñid bar doʼi gsal ʼdebs thos grol chen mo.--Srid pa bar doʼi ṅo sprod gsal ʼdebs thos grol chen mo.--Chos spyod bag chags raṅ grol źes bya ba Bar do thos grol gyi cha lag.--Saṅs rgyas daṅ byaṅ chub sems dpaʼ rnams ra mdar sbran paʼi smon lam ʼjigs pa raṅ grol, la sogs.--Btags grol phuṅ po raṅ grol gyi don bsdus raṅ grol sñiṅ po.--Brgya phyag sdig sgrib raṅ grol źes bya ba Bar do thos grol gyi cha lags.--Padma-ʼbyuṅ-gnas. Źi khroʼi kloṅ bśags brjod pa raṅ grol.--ʼChi ltas mtshan ma raṅ grol.--Rdzogs pa chen poʼi lo rgyas mdo byaṅ po ti smug chuṅ las, ʼChi bslu zab mo.</subfield>
  </datafield>
  <datafield tag="650" ind1=" " ind2="0">
    <subfield code="a">Rñiṅ-ma-pa (Sect)</subfield>
    <subfield code="x">Rituals.</subfield>
  </datafield>
  <datafield tag="650" ind1=" " ind2="0">
    <subfield code="a">Intermediate state</subfield>
    <subfield code="x">Buddhism.</subfield>
  </datafield>
  <datafield tag="650" ind1=" " ind2="0">
    <subfield code="a">Tibetan language</subfield>
    <subfield code="x">Texts.</subfield>
  </datafield>
  <datafield tag="700" ind1="0" ind2=" ">
    <subfield code="a">Karma-gliṅ-pa,</subfield>
    <subfield code="d">active 14th century.</subfield>
  </datafield>
</record>