

<record xmlns="http://www.loc.gov/MARC21/slim"
xmlns:xsi="http://www.w3.org/2001/XMLSchema-instance"
xsi:schemaLocation="http://www.loc.gov/MARC21/slim
http://www.loc.gov/standards/marcxml/schema/MARC21slim.xsd">
  <leader>01384cam a2200313Ia 4500</leader>
  <controlfield tag="001">007366354-9</controlfield>
  <controlfield tag="005">20020606163548.3</controlfield>
  <controlfield tag="008">800925m19701975ii a          000 0 tibod</controlfield>
  <datafield tag="010" ind1=" " ind2=" ">
    <subfield code="a">   74917093</subfield>
  </datafield>
  <datafield tag="020" ind1=" " ind2=" ">
    <subfield code="c">Rs300.00 per volume</subfield>
  </datafield>
  <datafield tag="035" ind1="0" ind2=" ">
    <subfield code="a">ocm06752317</subfield>
  </datafield>
  <datafield tag="040" ind1=" " ind2=" ">
    <subfield code="a">IUL</subfield>
    <subfield code="c">IUL</subfield>
    <subfield code="d">HLS</subfield>
  </datafield>
  <datafield tag="050" ind1="0" ind2=" ">
    <subfield code="a">BQ7550</subfield>
    <subfield code="b">.J53 1970</subfield>
  </datafield>
  <datafield tag="100" ind1="0" ind2=" ">
    <subfield code="a">ʼJigs-med-gliṅ-pa Raṅ-byuṅ-rdo-rje,</subfield>
    <subfield code="d">1729 or 1730-1798.</subfield>
  </datafield>
  <datafield tag="240" ind1="1" ind2="0">
    <subfield code="a">Works.</subfield>
    <subfield code="f">1970</subfield>
  </datafield>
  <datafield tag="245" ind1="1" ind2="4">
    <subfield code="a">The collected works of Kun-mkhyen ʼJigs-med-gling-pa.</subfield>
  </datafield>
  <datafield tag="260" ind1=" " ind2=" ">
    <subfield code="a">Gangtok :</subfield>
    <subfield code="b">Sonam T. Kazi,</subfield>
    <subfield code="c">1970-1975.</subfield>
  </datafield>
  <datafield tag="300" ind1=" " ind2=" ">
    <subfield code="a">9 v. :</subfield>
    <subfield code="b">ill. ;</subfield>
    <subfield code="c">28 x 39 or 46 cm.</subfield>
  </datafield>
  <datafield tag="490" ind1="1" ind2=" ">
    <subfield code="a">The Ngargyur Nyingmay sungrab ;</subfield>
    <subfield code="v">v. 29-37</subfield>
  </datafield>
  <datafield tag="500" ind1=" " ind2=" ">
    <subfield code="a">In Tibetan.</subfield>
  </datafield>
  <datafield tag="505" ind1="0" ind2=" ">
    <subfield code="a">v. 1. Bden gñis śiṅ rta.--v. 2. Rnam mkhyen śiṅ rta and Yon tan mdzod rtsa ba.--v. 3. Rñiṅ maʼi rgyud ʼbum gyi rtogs brjod and Dri lan rin po cheʼi bstan bcos.--v. 4. Dgoṅs ʼdus cho gaʼi rnam bśad and Gtam tshogs.--v. 5. Bstod tshogs and Dpe phran sna tshogs.--v. 6. Phur-pa rgyud lugs.--v. 7-8. Kloṅ-chen sñiṅ thig.--v. 9. Rnam thar and Sgom phyogs dri lan.</subfield>
  </datafield>
  <datafield tag="600" ind1="0" ind2="0">
    <subfield code="a">ʼJigs-med-gliṅ-pa Raṅ-byuṅ-rdo-rje,</subfield>
    <subfield code="d">1729 or 1730-1798.</subfield>
  </datafield>
  <datafield tag="650" ind1=" " ind2="0">
    <subfield code="a">Rñiṅ-ma-pa (Sect)</subfield>
  </datafield>
  <datafield tag="650" ind1=" " ind2="0">
    <subfield code="a">Rñiṅ-ma-pa lamas</subfield>
    <subfield code="z">China</subfield>
    <subfield code="z">Tibet Autonomous Region</subfield>
    <subfield code="x">Biography.</subfield>
  </datafield>
  <datafield tag="650" ind1=" " ind2="0">
    <subfield code="a">Tibetan language</subfield>
    <subfield code="x">Texts.</subfield>
  </datafield>
  <datafield tag="830" ind1=" " ind2="0">
    <subfield code="a">Ngagyur Nyingmay Sungrab ;</subfield>
    <subfield code="v">v. 29-37.</subfield>
  </datafield>
</record>