

<record xmlns="http://www.loc.gov/MARC21/slim"
xmlns:xsi="http://www.w3.org/2001/XMLSchema-instance"
xsi:schemaLocation="http://www.loc.gov/MARC21/slim
http://www.loc.gov/standards/marcxml/schema/MARC21slim.xsd">
  <leader>01229nam a2200301Ii 4500</leader>
  <controlfield tag="001">007366355-7</controlfield>
  <controlfield tag="005">20020606163548.3</controlfield>
  <controlfield tag="008">800925s1975    ii a          000 0 tibod</controlfield>
  <datafield tag="010" ind1=" " ind2=" ">
    <subfield code="a">   75901781</subfield>
  </datafield>
  <datafield tag="020" ind1=" " ind2=" ">
    <subfield code="c">Rs300.00</subfield>
  </datafield>
  <datafield tag="035" ind1="0" ind2=" ">
    <subfield code="a">ocm06754293</subfield>
  </datafield>
  <datafield tag="040" ind1=" " ind2=" ">
    <subfield code="a">IUL</subfield>
    <subfield code="c">IUL</subfield>
    <subfield code="d">HLS</subfield>
  </datafield>
  <datafield tag="043" ind1=" " ind2=" ">
    <subfield code="a">a-cc-ti</subfield>
  </datafield>
  <datafield tag="090" ind1=" " ind2=" ">
    <subfield code="a">R644.T5</subfield>
    <subfield code="b">J279 1975</subfield>
  </datafield>
  <datafield tag="100" ind1="0" ind2=" ">
    <subfield code="a">ʾJam-dpal-rdo-rje.</subfield>
  </datafield>
  <datafield tag="245" ind1="1" ind2="0">
    <subfield code="a">Gso rig bstan bcos mthaʾ dag gi sñiṅ po rnams phyogs gcig tu bsdus pa man ṅag rin chen ʾbyuṅ gnas :</subfield>
    <subfield code="b">a treatise on Tibetan ayurvedic practice containing numerous instructions and medical formulae /</subfield>
    <subfield code="c">by ʾJam-dpal-rdo-rje.</subfield>
  </datafield>
  <datafield tag="246" ind1="3" ind2=" ">
    <subfield code="a">Gso rig bstan bcos man ṅag rin chen ʾbyuṅ gnas.</subfield>
  </datafield>
  <datafield tag="260" ind1=" " ind2=" ">
    <subfield code="a">Leh :</subfield>
    <subfield code="b">S. W. Tashiganga,</subfield>
    <subfield code="c">1975.</subfield>
  </datafield>
  <datafield tag="300" ind1=" " ind2=" ">
    <subfield code="a">[180] p. ;</subfield>
    <subfield code="c">28 x 37 cm.</subfield>
  </datafield>
  <datafield tag="440" ind1=" " ind2="0">
    <subfield code="a">Smanrtsis shesrig spendzod ;</subfield>
    <subfield code="v">v. 31</subfield>
  </datafield>
  <datafield tag="500" ind1=" " ind2=" ">
    <subfield code="a">In Tibetan; preface in English.</subfield>
  </datafield>
  <datafield tag="500" ind1=" " ind2=" ">
    <subfield code="a">Reproduced from blocks carved through the efforts of Dpal-ʾbyor (The Dem-chi of the Lha-khaṅ-ser-po of Dolonor) from the library of Lokesh Chandra.</subfield>
  </datafield>
  <datafield tag="500" ind1=" " ind2=" ">
    <subfield code="a">Title on cover: Gso rig bstan bcos man ṅag rin chen ʾbyuṅ gnas.</subfield>
  </datafield>
  <datafield tag="650" ind1=" " ind2="0">
    <subfield code="a">Medicine, Tibetan.</subfield>
  </datafield>
  <datafield tag="650" ind1=" " ind2="0">
    <subfield code="a">Tibetan language</subfield>
    <subfield code="x">Texts.</subfield>
  </datafield>
</record>