

<record xmlns="http://www.loc.gov/MARC21/slim"
xmlns:xsi="http://www.w3.org/2001/XMLSchema-instance"
xsi:schemaLocation="http://www.loc.gov/MARC21/slim
http://www.loc.gov/standards/marcxml/schema/MARC21slim.xsd">
  <leader>00914nam a2200265Ia 4500</leader>
  <controlfield tag="001">007366385-9</controlfield>
  <controlfield tag="005">20020606163548.3</controlfield>
  <controlfield tag="008">811009s1972    ii a          000 0 tibod</controlfield>
  <datafield tag="010" ind1=" " ind2=" ">
    <subfield code="a">   73906440</subfield>
  </datafield>
  <datafield tag="020" ind1=" " ind2=" ">
    <subfield code="c">Rs11.14</subfield>
  </datafield>
  <datafield tag="035" ind1="0" ind2=" ">
    <subfield code="a">ocm07832561</subfield>
  </datafield>
  <datafield tag="040" ind1=" " ind2=" ">
    <subfield code="a">IUL</subfield>
    <subfield code="c">IUL</subfield>
    <subfield code="d">HLS</subfield>
  </datafield>
  <datafield tag="043" ind1=" " ind2=" ">
    <subfield code="a">a-cc-ti</subfield>
  </datafield>
  <datafield tag="050" ind1="0" ind2=" ">
    <subfield code="a">BQ5593.P3</subfield>
    <subfield code="b">K66 1972</subfield>
  </datafield>
  <datafield tag="100" ind1="0" ind2=" ">
    <subfield code="a">Koṅ-sprul Blo-gros-mthaʼ-yas,</subfield>
    <subfield code="d">1813-1899.</subfield>
  </datafield>
  <datafield tag="245" ind1="1" ind2="0">
    <subfield code="a">Lam zab leʼu bdun ma bźugs so /</subfield>
    <subfield code="c">[ʼChi-med-bstan-gñis Gʹyuṅ-druṅ-gliṅ-pa la dṅos grub thob]</subfield>
  </datafield>
  <datafield tag="260" ind1=" " ind2=" ">
    <subfield code="a">[Sgaṅ-tog :</subfield>
    <subfield code="b">s.n.,</subfield>
    <subfield code="c">1972]</subfield>
  </datafield>
  <datafield tag="300" ind1=" " ind2=" ">
    <subfield code="a">23 [i.e. 45] p. :</subfield>
    <subfield code="b">ill. ;</subfield>
    <subfield code="c">10 x 42 cm.</subfield>
  </datafield>
  <datafield tag="500" ind1=" " ind2=" ">
    <subfield code="a">In Tibetan.</subfield>
  </datafield>
  <datafield tag="500" ind1=" " ind2=" ">
    <subfield code="a">Xylograph from blocks kept at Jo-khaṅ Ri-khrod, Dben Dgon, Sgaṅ-tog.</subfield>
  </datafield>
  <datafield tag="600" ind1="0" ind2="0">
    <subfield code="a">Padma Sambhava,</subfield>
    <subfield code="d">approximately 717-approximately 762</subfield>
    <subfield code="x">Prayers and devotions</subfield>
    <subfield code="x">Tibetan.</subfield>
  </datafield>
  <datafield tag="650" ind1=" " ind2="0">
    <subfield code="a">Rñiṅ-ma-pa (Sect)</subfield>
    <subfield code="x">Prayers and devotions.</subfield>
  </datafield>
</record>