

<record xmlns="http://www.loc.gov/MARC21/slim"
xmlns:xsi="http://www.w3.org/2001/XMLSchema-instance"
xsi:schemaLocation="http://www.loc.gov/MARC21/slim
http://www.loc.gov/standards/marcxml/schema/MARC21slim.xsd">
  <leader>01153cam a2200289Ia 4500</leader>
  <controlfield tag="001">007366406-5</controlfield>
  <controlfield tag="005">20020606163548.3</controlfield>
  <controlfield tag="008">820621q19681969ii            000 0 tibod</controlfield>
  <datafield tag="010" ind1=" " ind2=" ">
    <subfield code="a">   72905336</subfield>
  </datafield>
  <datafield tag="020" ind1=" " ind2=" ">
    <subfield code="c">Rs3.00</subfield>
  </datafield>
  <datafield tag="035" ind1="0" ind2=" ">
    <subfield code="a">ocm08535543</subfield>
  </datafield>
  <datafield tag="040" ind1=" " ind2=" ">
    <subfield code="a">IUL</subfield>
    <subfield code="c">IUL</subfield>
    <subfield code="d">HLS</subfield>
  </datafield>
  <datafield tag="050" ind1="0" ind2=" ">
    <subfield code="a">PL3748.G8</subfield>
    <subfield code="b">C5 1968</subfield>
  </datafield>
  <datafield tag="100" ind1="0" ind2=" ">
    <subfield code="a">Guṅ-thaṅ Dkon-mchog-bstan-paʾi-sgron-me,</subfield>
    <subfield code="d">1762-1823.</subfield>
  </datafield>
  <datafield tag="245" ind1="1" ind2="0">
    <subfield code="a">Chu śiṅ gñis kyi bstan bcos :</subfield>
    <subfield code="b">similes of trees and water /</subfield>
    <subfield code="c">[Dkon-mchog-bstan-paʾi-sgron-mes bris]</subfield>
  </datafield>
  <datafield tag="246" ind1="3" ind2=" ">
    <subfield code="a">Legs par bśad pa Chuʾi bstan bcos.</subfield>
  </datafield>
  <datafield tag="260" ind1=" " ind2=" ">
    <subfield code="a">Dha-sa :</subfield>
    <subfield code="b">Bod-kyi-śes-rig-par-khaṅ,</subfield>
    <subfield code="c">[1968 or 1969]</subfield>
  </datafield>
  <datafield tag="300" ind1=" " ind2=" ">
    <subfield code="a">49 p. ;</subfield>
    <subfield code="c">19 cm.</subfield>
  </datafield>
  <datafield tag="500" ind1=" " ind2=" ">
    <subfield code="a">In Tibetan.</subfield>
  </datafield>
  <datafield tag="500" ind1=" " ind2=" ">
    <subfield code="a">Cover title.</subfield>
  </datafield>
  <datafield tag="505" ind1="0" ind2=" ">
    <subfield code="a">Legs par bśad pa Chuʾi bstan bcos lugs gñis rlabs ʾphreṅ brgya ldan -- Legs par bśad pa Śiṅ gi bstan bcos lugs gñis yal ʾdab brgya ldan.</subfield>
  </datafield>
  <datafield tag="650" ind1=" " ind2="0">
    <subfield code="a">Tibetan language</subfield>
    <subfield code="x">Texts.</subfield>
  </datafield>
  <datafield tag="700" ind1="0" ind2="2">
    <subfield code="a">Guṅ-thaṅ Dkon-mchog-bstan-paʾi-sgron-me,</subfield>
    <subfield code="d">1762-1823.</subfield>
    <subfield code="t">Legs par bśad pa Chuʾi bstan bcos.</subfield>
  </datafield>
  <datafield tag="700" ind1="0" ind2="2">
    <subfield code="a">Guṅ-thaṅ Dkon-mchog-bstan-paʾi-sgron-me,</subfield>
    <subfield code="d">1762-1823.</subfield>
    <subfield code="t">Śiṅ gi bstan bcos.</subfield>
  </datafield>
</record>