

<record xmlns="http://www.loc.gov/MARC21/slim"
xmlns:xsi="http://www.w3.org/2001/XMLSchema-instance"
xsi:schemaLocation="http://www.loc.gov/MARC21/slim
http://www.loc.gov/standards/marcxml/schema/MARC21slim.xsd">
  <leader>01589nam a2200361Ia 4500</leader>
  <controlfield tag="001">007366421-9</controlfield>
  <controlfield tag="005">20020606163548.3</controlfield>
  <controlfield tag="008">820909s1973    ii a          000 0 tib d</controlfield>
  <datafield tag="010" ind1=" " ind2=" ">
    <subfield code="a">   73907894</subfield>
  </datafield>
  <datafield tag="016" ind1="7" ind2=" ">
    <subfield code="a">9402228</subfield>
    <subfield code="2">DNLM</subfield>
  </datafield>
  <datafield tag="020" ind1=" " ind2=" ">
    <subfield code="c">Rs300.00 per volume</subfield>
  </datafield>
  <datafield tag="035" ind1="0" ind2=" ">
    <subfield code="a">ocm08757467</subfield>
  </datafield>
  <datafield tag="040" ind1=" " ind2=" ">
    <subfield code="a">IUL</subfield>
    <subfield code="c">IUL</subfield>
    <subfield code="d">NLM</subfield>
    <subfield code="d">HLS</subfield>
  </datafield>
  <datafield tag="041" ind1="0" ind2=" ">
    <subfield code="a">tibeng</subfield>
  </datafield>
  <datafield tag="043" ind1=" " ind2=" ">
    <subfield code="a">a-cc-ti</subfield>
  </datafield>
  <datafield tag="090" ind1=" " ind2=" ">
    <subfield code="a">R644.T5</subfield>
    <subfield code="b">K376 1973</subfield>
  </datafield>
  <datafield tag="100" ind1="2" ind2=" ">
    <subfield code="a">Karma-ṅes-legs-bstan-ʾdzin, Si-tu Dbon.</subfield>
  </datafield>
  <datafield tag="240" ind1="1" ind2="0">
    <subfield code="a">Sman bsdus E waṃ</subfield>
  </datafield>
  <datafield tag="245" ind1="1" ind2="0">
    <subfield code="a">Si tu Sman bsdus E waṃ :</subfield>
    <subfield code="b">two formularies of medical magical, and religious preparations /</subfield>
    <subfield code="c">by Si-tu Dbon Karma-ṅes-legs-bstan-ʾdzin ; together with Rin chen dbaṅ ril daṅ rin chen rta ri maʾi sbyor sde bgyis tshul Gźan phan zla ʾod gźon nuʾi khri śiṅ / by Si-tu Dbon-sprul Karma-ṅes-don-bstan-ʾdzin-ʾphrin-las-rab-rgyas.</subfield>
  </datafield>
  <datafield tag="246" ind1="3" ind2=" ">
    <subfield code="a">Rin chen dbaṅ ril śel gyi mchod rten daṅ rin chen rta ri ma bcas kyi sbyor bgyis.</subfield>
  </datafield>
  <datafield tag="246" ind1="3" ind2=" ">
    <subfield code="a">Gźan phan zla ʾod gźon nuʾi ʾkhri śiṅ.</subfield>
  </datafield>
  <datafield tag="260" ind1=" " ind2=" ">
    <subfield code="a">Leh :</subfield>
    <subfield code="b">T.Y. Tashigangpa,</subfield>
    <subfield code="c">1973.</subfield>
  </datafield>
  <datafield tag="300" ind1=" " ind2=" ">
    <subfield code="a">2 v. :</subfield>
    <subfield code="b">ill. ;</subfield>
    <subfield code="c">28 x 37 cm.</subfield>
  </datafield>
  <datafield tag="440" ind1=" " ind2="0">
    <subfield code="a">Smanrtsis shesrig spendzod ;</subfield>
    <subfield code="v">v. 55-56</subfield>
  </datafield>
  <datafield tag="500" ind1=" " ind2=" ">
    <subfield code="a">In Tibetan; pref. in English.</subfield>
  </datafield>
  <datafield tag="500" ind1=" " ind2=" ">
    <subfield code="a">&quot;Reproduced from a set of prints from the Sde-dge blocks.&quot;</subfield>
  </datafield>
  <datafield tag="650" ind1=" " ind2="0">
    <subfield code="a">Medicine, Tibetan.</subfield>
  </datafield>
  <datafield tag="650" ind1=" " ind2="0">
    <subfield code="a">Magic, Buddhist.</subfield>
  </datafield>
  <datafield tag="650" ind1=" " ind2="0">
    <subfield code="a">Tibetan language</subfield>
    <subfield code="x">Texts.</subfield>
  </datafield>
  <datafield tag="700" ind1="0" ind2="2">
    <subfield code="a">Karma-ṅes-don-bstan-ʾdzin-ʾphrin-las-rab-rgyas,</subfield>
    <subfield code="c">Si-tu Dbon-sprul.</subfield>
    <subfield code="t">Rin chen dbaṅ ril śel gyi mchod rten daṅ rin chen rta ri ma bcas kyi sbyor bgyis.</subfield>
  </datafield>
</record>