

<record xmlns="http://www.loc.gov/MARC21/slim"
xmlns:xsi="http://www.w3.org/2001/XMLSchema-instance"
xsi:schemaLocation="http://www.loc.gov/MARC21/slim
http://www.loc.gov/standards/marcxml/schema/MARC21slim.xsd">
  <leader>01037nam a2200289Ia 4500</leader>
  <controlfield tag="001">007366430-8</controlfield>
  <controlfield tag="005">20090713012212.0</controlfield>
  <controlfield tag="008">821222s1971    ii            000 0 tibod</controlfield>
  <datafield tag="010" ind1=" " ind2=" ">
    <subfield code="a">   75924072</subfield>
  </datafield>
  <datafield tag="020" ind1=" " ind2=" ">
    <subfield code="c">Rs1.60</subfield>
  </datafield>
  <datafield tag="035" ind1="0" ind2=" ">
    <subfield code="a">ocm09077370</subfield>
  </datafield>
  <datafield tag="040" ind1=" " ind2=" ">
    <subfield code="a">IUL</subfield>
    <subfield code="c">IUL</subfield>
    <subfield code="d">HLS</subfield>
  </datafield>
  <datafield tag="043" ind1=" " ind2=" ">
    <subfield code="a">a-cc-ti</subfield>
  </datafield>
  <datafield tag="090" ind1=" " ind2=" ">
    <subfield code="a">BQ7673.4</subfield>
    <subfield code="b">K78 1971b</subfield>
  </datafield>
  <datafield tag="100" ind1="0" ind2=" ">
    <subfield code="a">Ṅag-dbaṅ-kun-dgaʼ-bstan-ʼdzin,</subfield>
    <subfield code="c">Khams-sprul III,</subfield>
    <subfield code="d">1680-1728.</subfield>
  </datafield>
  <datafield tag="245" ind1="1" ind2="0">
    <subfield code="a">Mchod ʾos yoṅs rdzogs kyi bskaṅ bśags Rim pa bden gñis zuṅ ʾjug ces bya ba bźugs so /</subfield>
    <subfield code="c">[Ṅag-dbaṅ-kun-dgaʾ-bstan-ʾdzin gyis sbyar]</subfield>
  </datafield>
  <datafield tag="246" ind1="3" ind2=" ">
    <subfield code="a">Rim pa bden gñis zuṅ ʾjug.</subfield>
  </datafield>
  <datafield tag="260" ind1=" " ind2=" ">
    <subfield code="a">[Pa-lam-pur :</subfield>
    <subfield code="b">Phun-gliṅ-gsuṅ-rab-ñams-gso-rgyun-spel-par-khaṅ,</subfield>
    <subfield code="c">1971]</subfield>
  </datafield>
  <datafield tag="300" ind1=" " ind2=" ">
    <subfield code="a">8 [i.e. 15] p. ;</subfield>
    <subfield code="c">8 x 38 cm.</subfield>
  </datafield>
  <datafield tag="500" ind1=" " ind2=" ">
    <subfield code="a">In Tibetan.</subfield>
  </datafield>
  <datafield tag="500" ind1=" " ind2=" ">
    <subfield code="a">&quot;Ka-sbug Dur-pin Phun-gliṅ-gsuṅ-rab-ñams-gso-rgyun-spel Las-byed nas dpar du bskrun.&quot;</subfield>
  </datafield>
  <datafield tag="650" ind1=" " ind2="0">
    <subfield code="a">Tibetan language</subfield>
    <subfield code="v">Texts.</subfield>
  </datafield>
  <datafield tag="650" ind1=" " ind2="0">
    <subfield code="a">ʼBrug-pa (Sect)</subfield>
    <subfield code="x">Rituals.</subfield>
  </datafield>
  <datafield tag="650" ind1=" " ind2="0">
    <subfield code="a">Bskaṅ gso (Buddhist rite)</subfield>
  </datafield>
</record>