

<record xmlns="http://www.loc.gov/MARC21/slim"
xmlns:xsi="http://www.w3.org/2001/XMLSchema-instance"
xsi:schemaLocation="http://www.loc.gov/MARC21/slim
http://www.loc.gov/standards/marcxml/schema/MARC21slim.xsd">
  <leader>01147nam a2200277Ia 4500</leader>
  <controlfield tag="001">007366551-7</controlfield>
  <controlfield tag="005">20020606163548.3</controlfield>
  <controlfield tag="008">940518s1986    ii            000 0 tibod</controlfield>
  <datafield tag="010" ind1=" " ind2=" ">
    <subfield code="a">   92910457</subfield>
  </datafield>
  <datafield tag="035" ind1="0" ind2=" ">
    <subfield code="a">ocm30455266</subfield>
  </datafield>
  <datafield tag="040" ind1=" " ind2=" ">
    <subfield code="a">IUL</subfield>
    <subfield code="c">IUL</subfield>
    <subfield code="d">HLS</subfield>
  </datafield>
  <datafield tag="090" ind1=" " ind2=" ">
    <subfield code="a">BC25</subfield>
    <subfield code="b">.J2683 1986</subfield>
  </datafield>
  <datafield tag="100" ind1="0" ind2=" ">
    <subfield code="a">ʾJam-dpal-ʾphrin-las-yon-tan-rgya-mtsho,</subfield>
    <subfield code="c">Stod-mtshams Sprul-sku,</subfield>
    <subfield code="d">1913-</subfield>
  </datafield>
  <datafield tag="245" ind1="1" ind2="0">
    <subfield code="a">Blo rig dan rtags rigs kyi rnam bzag phyin ci ma log pa bsad pazes bya ba bzugs so =</subfield>
    <subfield code="b">Blo-Rig Dan Rtags-Rig Kyi Rnam Bshag Phyin-Ci Ma-Logpa Bcad-Pa Shes Bya-Wa Bshugs-So /</subfield>
    <subfield code="c">mdzad pa po ʾJam-dpal-ʾphrin-las-yon-tan-rgya-mtsho.</subfield>
  </datafield>
  <datafield tag="246" ind1="3" ind2=" ">
    <subfield code="a">Blo-Rig Dan Rtags-Rig Kyi Rnam Bshag Phyin-Ci Ma-Logpa Bcad-Pa Shes Bya-Wa Bshugs-So.</subfield>
  </datafield>
  <datafield tag="246" ind1="3" ind2=" ">
    <subfield code="a">Blo rig phyin ci ma log pa.</subfield>
  </datafield>
  <datafield tag="246" ind1="3" ind2=" ">
    <subfield code="a">Rtags rig phyin ci ma log pa.</subfield>
  </datafield>
  <datafield tag="250" ind1=" " ind2=" ">
    <subfield code="a">Spar thens 1; &quot;First reprinted ... 1986.&quot;</subfield>
  </datafield>
  <datafield tag="260" ind1=" " ind2=" ">
    <subfield code="a">Mundgod, N.K., Karnataka State, India :</subfield>
    <subfield code="b">Drepung Loseling Library Society,</subfield>
    <subfield code="c">1986.</subfield>
  </datafield>
  <datafield tag="300" ind1=" " ind2=" ">
    <subfield code="a">Ka-kha, 84 p. ;</subfield>
    <subfield code="c">19 cm.</subfield>
  </datafield>
  <datafield tag="500" ind1=" " ind2=" ">
    <subfield code="a">In Tibetan.</subfield>
  </datafield>
  <datafield tag="650" ind1=" " ind2="0">
    <subfield code="a">Buddhist logic.</subfield>
  </datafield>
  <datafield tag="650" ind1=" " ind2="0">
    <subfield code="a">Tibetan language</subfield>
    <subfield code="x">Texts.</subfield>
  </datafield>
</record>