

<record xmlns="http://www.loc.gov/MARC21/slim"
xmlns:xsi="http://www.w3.org/2001/XMLSchema-instance"
xsi:schemaLocation="http://www.loc.gov/MARC21/slim
http://www.loc.gov/standards/marcxml/schema/MARC21slim.xsd">
  <leader>01081nam a2200229Ma 4500</leader>
  <controlfield tag="001">007366620-3</controlfield>
  <controlfield tag="005">20020606163548.3</controlfield>
  <controlfield tag="008">950626s1973    ii            000 0 tib d</controlfield>
  <datafield tag="010" ind1=" " ind2=" ">
    <subfield code="a">   74903276</subfield>
  </datafield>
  <datafield tag="035" ind1="0" ind2=" ">
    <subfield code="a">ocm32790477</subfield>
  </datafield>
  <datafield tag="040" ind1=" " ind2=" ">
    <subfield code="a">NYP</subfield>
    <subfield code="c">NYP</subfield>
    <subfield code="d">HLS</subfield>
  </datafield>
  <datafield tag="043" ind1=" " ind2=" ">
    <subfield code="a">a-cc-ti</subfield>
  </datafield>
  <datafield tag="100" ind1="0" ind2=" ">
    <subfield code="a">Rgod-kyi-ldem-ʾphru-can,</subfield>
    <subfield code="c">Gter-ston,</subfield>
    <subfield code="d">1337-1408.</subfield>
  </datafield>
  <datafield tag="245" ind1="1" ind2="0">
    <subfield code="a">Phyi sgrub Thugs rje chen po ʾGro ba kun grol gyi brgyud ʾdebs kyi rim pa byin rlabs myur ʾjug daṅ ʾphrin las chog khrigs su bkod pa pad dkar chun po źes bya ba bźugs so.</subfield>
  </datafield>
  <datafield tag="260" ind1=" " ind2=" ">
    <subfield code="a">[India? :</subfield>
    <subfield code="b">s.n.,</subfield>
    <subfield code="c">1973].</subfield>
  </datafield>
  <datafield tag="300" ind1=" " ind2=" ">
    <subfield code="a">16 (i.e. 32) p. ;</subfield>
    <subfield code="c">10 x 41 cm.</subfield>
  </datafield>
  <datafield tag="500" ind1=" " ind2=" ">
    <subfield code="a">Xylographic print from blocks carved in 1971 at Brag-thog Monastery in Ladakh.</subfield>
  </datafield>
  <datafield tag="520" ind1=" " ind2=" ">
    <subfield code="a">Liturgical texts of the Byaṅ-gter tradition of the Rñiṅ-ma-pa school of Tibetan Buddhism focussing upon the propitiation of a form of Avalokiteśvara (Thugs-rje-chen-po ʾGro-ba-kun-grol).</subfield>
  </datafield>
  <datafield tag="650" ind1=" " ind2="0">
    <subfield code="a">Avalokiteśvara (Buddhist deity)</subfield>
    <subfield code="x">Cult</subfield>
    <subfield code="z">China</subfield>
    <subfield code="z">Tibet Autonomous Region.</subfield>
  </datafield>
  <datafield tag="650" ind1=" " ind2="0">
    <subfield code="a">Rñiṅ-ma-pa (Sect)</subfield>
    <subfield code="x">Rituals</subfield>
    <subfield code="x">Texts</subfield>
    <subfield code="x">Early works to 1800.</subfield>
  </datafield>
</record>