

<record xmlns="http://www.loc.gov/MARC21/slim"
xmlns:xsi="http://www.w3.org/2001/XMLSchema-instance"
xsi:schemaLocation="http://www.loc.gov/MARC21/slim
http://www.loc.gov/standards/marcxml/schema/MARC21slim.xsd">
  <leader>01852njm a2200325Ka 4500</leader>
  <controlfield tag="001">007377010-8</controlfield>
  <controlfield tag="005">20020606163548.3</controlfield>
  <controlfield tag="008">970414s1996    nyucbn              tib d</controlfield>
  <datafield tag="020" ind1=" " ind2=" ">
    <subfield code="z">159613173</subfield>
  </datafield>
  <datafield tag="028" ind1="0" ind2="2">
    <subfield code="a">CD4050</subfield>
    <subfield code="b">Ellipsis Arts</subfield>
  </datafield>
  <datafield tag="028" ind1="0" ind2="2">
    <subfield code="a">4050</subfield>
    <subfield code="b">Ellipsis Arts</subfield>
  </datafield>
  <datafield tag="035" ind1="0" ind2=" ">
    <subfield code="a">ocm36731399</subfield>
  </datafield>
  <datafield tag="040" ind1=" " ind2=" ">
    <subfield code="a">OWL</subfield>
    <subfield code="c">OWL</subfield>
    <subfield code="d">HLS</subfield>
  </datafield>
  <datafield tag="245" ind1="0" ind2="0">
    <subfield code="a">Tibet</subfield>
    <subfield code="h">[sound recording] :</subfield>
    <subfield code="b">the heart of Dhamra : [Buddha&apos;s teachings and the music they inspired]</subfield>
  </datafield>
  <datafield tag="246" ind1="3" ind2="0">
    <subfield code="a">Heart of dharma</subfield>
  </datafield>
  <datafield tag="260" ind1=" " ind2=" ">
    <subfield code="a">[Roslyn, NY] :</subfield>
    <subfield code="b">Ellipsis Arts,</subfield>
    <subfield code="c">p1996.</subfield>
  </datafield>
  <datafield tag="300" ind1=" " ind2=" ">
    <subfield code="a">1 sound disc :</subfield>
    <subfield code="b">digital ;</subfield>
    <subfield code="c">4 3/4 in. +</subfield>
    <subfield code="e">1 book (64 p. : col. ill. ; 14 cm.)</subfield>
  </datafield>
  <datafield tag="440" ind1=" " ind2="0">
    <subfield code="a">Musical expeditions</subfield>
  </datafield>
  <datafield tag="500" ind1=" " ind2=" ">
    <subfield code="a">Subtitle from booklet.</subfield>
  </datafield>
  <datafield tag="500" ind1=" " ind2=" ">
    <subfield code="a">Compact disc.</subfield>
  </datafield>
  <datafield tag="504" ind1=" " ind2=" ">
    <subfield code="a">Includes bibliographical references (p. 63).</subfield>
  </datafield>
  <datafield tag="505" ind1="0" ind2=" ">
    <subfield code="a">Ngontog Gyan, &quot;ornament for clear realization&quot; (12:44) -- Gaden Lhagyama, &quot;the hundred Buddhas of Tushita&quot; (13:25) -- Shar Gang-ri Ma, &quot;the eastern snowy mountain&quot; (6:03) -- Palden Yonten, &quot;splendid knowledge&quot; (11:35) -- Tsedrup, &quot;life enhancement&quot; (17:53).</subfield>
  </datafield>
  <datafield tag="508" ind1=" " ind2=" ">
    <subfield code="a">Executive producer, Jeffrey Charno ; producer, David Lewiston ; editor, Matt Kopka ; art director, Maureen Gleissner ; text, Cynthia Josayma and David Lewiston ; principal informant, Glenn H. Mullin.</subfield>
  </datafield>
  <datafield tag="511" ind1="0" ind2=" ">
    <subfield code="a">Tracks 1-4, Loseling Dratsang of Drepung Monastery, directed by Rizong Rinpoche and Ven. Lobsang Lhundup ; Track 5, Khampagar Monastery, directed by Ven. Kagyu Drukgyal and Tokden Choeje Lodro.</subfield>
  </datafield>
  <datafield tag="520" ind1=" " ind2=" ">
    <subfield code="a">Recordings made at two Tibetan monasteries. The accompanying book introduces the Buddha&apos;s teachings through the words of lamas, monks and spiritual masters whose lives have been transformed by Buddhist wisdom.</subfield>
  </datafield>
  <datafield tag="650" ind1=" " ind2="0">
    <subfield code="a">Buddhist chants</subfield>
    <subfield code="z">China</subfield>
    <subfield code="z">Tibet Autonomous Region.</subfield>
  </datafield>
  <datafield tag="650" ind1=" " ind2="0">
    <subfield code="a">Buddhist music</subfield>
    <subfield code="z">China</subfield>
    <subfield code="z">Tibet Autonomous Region.</subfield>
  </datafield>
  <datafield tag="700" ind1="1" ind2=" ">
    <subfield code="a">Lewiston, David.</subfield>
  </datafield>
</record>