

<record xmlns="http://www.loc.gov/MARC21/slim"
xmlns:xsi="http://www.w3.org/2001/XMLSchema-instance"
xsi:schemaLocation="http://www.loc.gov/MARC21/slim
http://www.loc.gov/standards/marcxml/schema/MARC21slim.xsd">
  <leader>00939nam a2200277Ii 4500</leader>
  <controlfield tag="001">007385613-4</controlfield>
  <controlfield tag="005">20020606163548.3</controlfield>
  <controlfield tag="008">790416m19749999ii            000 0atib d</controlfield>
  <datafield tag="010" ind1=" " ind2=" ">
    <subfield code="a">   74901310</subfield>
  </datafield>
  <datafield tag="020" ind1=" " ind2=" ">
    <subfield code="c">Rs300.00 per vol.</subfield>
  </datafield>
  <datafield tag="035" ind1="0" ind2=" ">
    <subfield code="a">ocm04860274</subfield>
  </datafield>
  <datafield tag="040" ind1=" " ind2=" ">
    <subfield code="a">IUL</subfield>
    <subfield code="c">IUL</subfield>
    <subfield code="d">HLS</subfield>
  </datafield>
  <datafield tag="043" ind1=" " ind2=" ">
    <subfield code="a">a-bt---</subfield>
  </datafield>
  <datafield tag="090" ind1=" " ind2=" ">
    <subfield code="a">BQ984.A4</subfield>
    <subfield code="b">S3 1974</subfield>
  </datafield>
  <datafield tag="100" ind1="0" ind2=" ">
    <subfield code="a">Śākya-rin-chen,</subfield>
    <subfield code="c">Rje Mkhan-po IX,</subfield>
    <subfield code="d">1710-1759.</subfield>
  </datafield>
  <datafield tag="245" ind1="0" ind2="4">
    <subfield code="a">The autobiography and selected writings of Śākya-rin-chen, the ninth Rje Mkhan-po of Bhutan.</subfield>
  </datafield>
  <datafield tag="260" ind1=" " ind2=" ">
    <subfield code="a">Delhi :</subfield>
    <subfield code="b">Thamchoe Monlam,</subfield>
    <subfield code="c">1974-</subfield>
  </datafield>
  <datafield tag="300" ind1=" " ind2=" ">
    <subfield code="a">v. ;</subfield>
    <subfield code="c">27 x 38 cm.</subfield>
  </datafield>
  <datafield tag="500" ind1=" " ind2=" ">
    <subfield code="a">Cover title: Rje Śākya rin chen gyi rnam thar daṅ gsuṅ thor bu.</subfield>
  </datafield>
  <datafield tag="500" ind1=" " ind2=" ">
    <subfield code="a">Text in Tibetan; preface in English.</subfield>
  </datafield>
  <datafield tag="600" ind1="0" ind2="0">
    <subfield code="a">Śākya-rin-chen,</subfield>
    <subfield code="c">Rje Mkhan-po IX,</subfield>
    <subfield code="d">1710-1759.</subfield>
  </datafield>
  <datafield tag="650" ind1=" " ind2="0">
    <subfield code="a">ʾBrug-pa lamas</subfield>
    <subfield code="z">Bhutan</subfield>
    <subfield code="v">Biography.</subfield>
  </datafield>
  <datafield tag="650" ind1=" " ind2="0">
    <subfield code="a">Tibetan language</subfield>
    <subfield code="x">Texts.</subfield>
  </datafield>
</record>