

<record xmlns="http://www.loc.gov/MARC21/slim"
xmlns:xsi="http://www.w3.org/2001/XMLSchema-instance"
xsi:schemaLocation="http://www.loc.gov/MARC21/slim
http://www.loc.gov/standards/marcxml/schema/MARC21slim.xsd">
  <leader>02465cam a2200325Ii 4500</leader>
  <controlfield tag="001">007385987-7</controlfield>
  <controlfield tag="005">20020606163548.3</controlfield>
  <controlfield tag="008">800205s1971    ii            000 0 tib d</controlfield>
  <datafield tag="010" ind1=" " ind2=" ">
    <subfield code="a">   78919031</subfield>
  </datafield>
  <datafield tag="020" ind1=" " ind2=" ">
    <subfield code="c">Rs150.00</subfield>
  </datafield>
  <datafield tag="035" ind1="0" ind2=" ">
    <subfield code="a">ocm05955243</subfield>
  </datafield>
  <datafield tag="040" ind1=" " ind2=" ">
    <subfield code="a">IUL</subfield>
    <subfield code="c">IUL</subfield>
    <subfield code="d">HLS</subfield>
  </datafield>
  <datafield tag="090" ind1=" " ind2=" ">
    <subfield code="a">BQ5593.G4</subfield>
    <subfield code="b">D62 1971</subfield>
  </datafield>
  <datafield tag="245" ind1="0" ind2="4">
    <subfield code="a">The Gling Gesar of Tibet and his cult :</subfield>
    <subfield code="b">Tibetan texts concerned with the worship of the epic hero /</subfield>
    <subfield code="c">compiled by the 8th Khamtul, Don-brgyud-nyi-ma.</subfield>
  </datafield>
  <datafield tag="246" ind1="3" ind2=" ">
    <subfield code="a">Gliṅ rje Ge-sar sgrub skor.</subfield>
  </datafield>
  <datafield tag="260" ind1=" " ind2=" ">
    <subfield code="a">Palampur, H.P. :</subfield>
    <subfield code="b">Sungrab Nyamso Gyunphel Parkhang,</subfield>
    <subfield code="c">1971.</subfield>
  </datafield>
  <datafield tag="300" ind1=" " ind2=" ">
    <subfield code="a">243 [i.e. 486] p., [1] fold. leaf of plates ;</subfield>
    <subfield code="c">9 x 45 cm.</subfield>
  </datafield>
  <datafield tag="500" ind1=" " ind2=" ">
    <subfield code="a">Added t.p.: Gliṅ rje Ge-sar sgrub skor.</subfield>
  </datafield>
  <datafield tag="500" ind1=" " ind2=" ">
    <subfield code="a">In Tibetan.</subfield>
  </datafield>
  <datafield tag="500" ind1=" " ind2=" ">
    <subfield code="a">Each part has separate title page.</subfield>
  </datafield>
  <datafield tag="500" ind1=" " ind2=" ">
    <subfield code="a">Folded leaf at front is color prayer flag.</subfield>
  </datafield>
  <datafield tag="505" ind1="0" ind2=" ">
    <subfield code="a">Dgoṅs gter skyes mchog dgra lhaʾi rgyal po Ge-sar rdo rje tshe rgyal gyi srog gtad kyi chog sgrig rdo rjeʾi rwa gdeṅs phrin las rol mtsho.--Sku rje Ge-sar bsaṅs mchod dgos ʾdod char ʾbebs.--Ge-sar skyes bu don ʾgrub kyi sgrub thabs grub gñis dpyid ster las bźi lhun ʾgrub.--Skyes mchog Ge-sar rgyal poʾi zab sgrub dgra las rnam rgyal.--Skyes bu Ge-sar gyi dgoṅs tig zla źal ma.--Ge-sar skyes bu chen po la brten paʾi tshe sgrub ñi zla ʾod ʾbar.--Skyes mchog chen poʾi thugs thig las: sṅon ʾgro rnam mkhyen lam bzaṅ.--Skyes mchog chen poʾi thugs thig las: ʾDzam-gliṅ rgyan mchog seṅ chen rjeʾi tshe sgrub ʾchi med chu rgyun.--Skyes mchog chen poʾi thugs thig gi dbaṅ chog bdud rtsiʾi bum bzaṅ.</subfield>
  </datafield>
  <datafield tag="505" ind1="0" ind2=" ">
    <subfield code="a">Skyes mchog chen poʾi thugs thig gi bkaʾ sruṅ legs ldan tshogs kyi bdag poʾi sgrub phrin ʾdod dguʾi char ʾbebs.--Skyes mchog chen poʾi thugs thig gi gter sruṅ lha klu gñan gsum gyi gsol ka phrin las char rgyun bskul baʾi brug sgra.--Rigs gsum Padmaʾi sgyu ʾphrul skyes mchog seṅ chen nor bu dgra ʾdul gyi sgrub thabs bskaṅ gsol daṅ bcas pa rgyas par bkod pa ʾdod ʾbyuṅ nor buʾi rgyal po.--Skyes mchog seṅ chen rgyal po yi sgrub thabs sñiṅ gi nor bu.--Seṅ chen nor bu dgra ʾdul gyi gsol mchod don kun lhun grub lha yi rṅa chen.--Dbaṅ chen rdo rjeʾi rkyaṅ rgod phel po la brten paʾi rta lhaʾi gʹyaṅ sgrub dge mtshan ʾdod dguʾi sgo ʾbyed.</subfield>
  </datafield>
  <datafield tag="630" ind1="0" ind2="0">
    <subfield code="a">Gesar</subfield>
    <subfield code="x">Cult.</subfield>
  </datafield>
  <datafield tag="650" ind1=" " ind2="0">
    <subfield code="a">Buddhism</subfield>
    <subfield code="x">Rituals.</subfield>
  </datafield>
  <datafield tag="650" ind1=" " ind2="0">
    <subfield code="a">Tibetan language</subfield>
    <subfield code="x">Texts.</subfield>
  </datafield>
  <datafield tag="700" ind1="0" ind2=" ">
    <subfield code="a">Don-brgyud-ñi-ma,</subfield>
    <subfield code="c">Khams-sprul VIII,</subfield>
    <subfield code="d">1931-</subfield>
  </datafield>
</record>