

<record xmlns="http://www.loc.gov/MARC21/slim"
xmlns:xsi="http://www.w3.org/2001/XMLSchema-instance"
xsi:schemaLocation="http://www.loc.gov/MARC21/slim
http://www.loc.gov/standards/marcxml/schema/MARC21slim.xsd">
  <leader>00952nam a2200217Ma 4500</leader>
  <controlfield tag="001">007386082-4</controlfield>
  <controlfield tag="005">20020606163548.3</controlfield>
  <controlfield tag="008">900827s1969    ii            000 0 tib d</controlfield>
  <datafield tag="010" ind1=" " ind2=" ">
    <subfield code="a">   70923785</subfield>
  </datafield>
  <datafield tag="035" ind1="0" ind2=" ">
    <subfield code="a">ocm25889635</subfield>
  </datafield>
  <datafield tag="040" ind1=" " ind2=" ">
    <subfield code="a">CUY</subfield>
    <subfield code="c">CUY</subfield>
    <subfield code="d">HLS</subfield>
  </datafield>
  <datafield tag="100" ind1="0" ind2=" ">
    <subfield code="a">Thub-bstan-legs-bśad-rgya-mtsho,</subfield>
    <subfield code="c">Bco-brgyad Khri-chen XVIII,</subfield>
    <subfield code="d">1920-</subfield>
  </datafield>
  <datafield tag="245" ind1="1" ind2="0">
    <subfield code="a">Gaṅs ljoṅs mdo sṅags kyi bstan paʾi śiṅ rta Dpal ldan Sa skya paʾi chos ʾbyuṅ mdor bsdus Skal bzaṅ yid kyi dgaʾ ston źes bya ba bźugs so.</subfield>
  </datafield>
  <datafield tag="246" ind1="3" ind2=" ">
    <subfield code="a">Skal bzaṅ yid kyi dgaʾ ston.</subfield>
  </datafield>
  <datafield tag="260" ind1=" " ind2=" ">
    <subfield code="a">Dha-[ram]-sa-[la] :</subfield>
    <subfield code="b">Bod gźuṅ śes rig par khaṅ,</subfield>
    <subfield code="c">1969</subfield>
  </datafield>
  <datafield tag="300" ind1=" " ind2=" ">
    <subfield code="a">75 p. :</subfield>
    <subfield code="b">ill. ;</subfield>
    <subfield code="c">18 cm.</subfield>
  </datafield>
  <datafield tag="500" ind1=" " ind2=" ">
    <subfield code="a">In Tibetan; author&apos;s name in introd.: Na-lenda-bco-brgyad-khri-miṅ-s-subhaṣi-ta.</subfield>
  </datafield>
  <datafield tag="520" ind1=" " ind2=" ">
    <subfield code="a">Brief history of the Sakyapa sect, including the Ngorpa and Tsharpa subsects, of Tibetan Buddhism.</subfield>
  </datafield>
  <datafield tag="700" ind1="0" ind2=" ">
    <subfield code="a">Na-lenda-bco-brgyad-khri-miṅ-s-subhaṣi-ta.</subfield>
  </datafield>
</record>