

<record xmlns="http://www.loc.gov/MARC21/slim"
xmlns:xsi="http://www.w3.org/2001/XMLSchema-instance"
xsi:schemaLocation="http://www.loc.gov/MARC21/slim
http://www.loc.gov/standards/marcxml/schema/MARC21slim.xsd">
  <leader>02064cam a2200397Ia 4500</leader>
  <controlfield tag="001">007412708-X</controlfield>
  <controlfield tag="005">20020606163548.3</controlfield>
  <controlfield tag="008">810817s1973    ii            000 0 tib d</controlfield>
  <datafield tag="010" ind1=" " ind2=" ">
    <subfield code="a">   73901470</subfield>
  </datafield>
  <datafield tag="020" ind1=" " ind2=" ">
    <subfield code="c">Rs300.00</subfield>
  </datafield>
  <datafield tag="035" ind1="0" ind2=" ">
    <subfield code="a">ocm07673832</subfield>
  </datafield>
  <datafield tag="040" ind1=" " ind2=" ">
    <subfield code="a">IUL</subfield>
    <subfield code="c">IUL</subfield>
    <subfield code="d">IUL</subfield>
    <subfield code="d">HLS</subfield>
  </datafield>
  <datafield tag="043" ind1=" " ind2=" ">
    <subfield code="a">a-cc-ti</subfield>
  </datafield>
  <datafield tag="090" ind1=" " ind2=" ">
    <subfield code="a">BQ7450</subfield>
    <subfield code="b">.B8 1973</subfield>
  </datafield>
  <datafield tag="100" ind1="0" ind2=" ">
    <subfield code="a">Bsod-nams-grags-pa,</subfield>
    <subfield code="c">Paṇ-chen,</subfield>
    <subfield code="d">1478-1554.</subfield>
  </datafield>
  <datafield tag="240" ind1="1" ind2="0">
    <subfield code="a">Blo-gsal-gliṅ yig cha</subfield>
  </datafield>
  <datafield tag="245" ind1="1" ind2="4">
    <subfield code="a">The obligatory texts (yig-cha) prescribed for the study of Madhyamika at ʾBras-spuṅs Blo-gsal-gliṅ /</subfield>
    <subfield code="c">by Paṇ-chen Bsod-nams-grags-pa and Dge-bśes Tshul-khrims-rnam-rgyal.</subfield>
  </datafield>
  <datafield tag="246" ind1="3" ind2=" ">
    <subfield code="a">Dbu maʾi spyi don zab don gsal baʾi sgron me.</subfield>
  </datafield>
  <datafield tag="246" ind1="3" ind2=" ">
    <subfield code="a">Dbu ma la ʾjug paʾi brgal lan zab don yaʾn gsal sgron me.</subfield>
  </datafield>
  <datafield tag="246" ind1="3" ind2=" ">
    <subfield code="a">ʾBras-spuṅs Blo-gsal-gliṅ Dbu maʾi yig cha.</subfield>
  </datafield>
  <datafield tag="246" ind1="3" ind2=" ">
    <subfield code="a">Paṇ-chen Bsod-nams-grags-pas mdzad paʾi Phar phyin daṅ Dbu maʾi spyi thal sogs kyi dogs gnas ʾgaʾ źig las brtsams paʾi dri lan.</subfield>
  </datafield>
  <datafield tag="246" ind1="3" ind2=" ">
    <subfield code="a">Som ñiʾi khoṅs skran stsal baʾi byi tshe phag mo.</subfield>
  </datafield>
  <datafield tag="260" ind1=" " ind2=" ">
    <subfield code="a">New Delhi :</subfield>
    <subfield code="b">Lha-mkhar Yoṅs-ʾdzin Bstan-pa-rgyal-mtshan,</subfield>
    <subfield code="c">1973.</subfield>
  </datafield>
  <datafield tag="300" ind1=" " ind2=" ">
    <subfield code="a">646 columns ;</subfield>
    <subfield code="c">27 x 38 cm.</subfield>
  </datafield>
  <datafield tag="440" ind1=" " ind2="0">
    <subfield code="a">Madhyamika text series ;</subfield>
    <subfield code="v">v. 6</subfield>
  </datafield>
  <datafield tag="500" ind1=" " ind2=" ">
    <subfield code="a">In Tibetan; pref. in English.</subfield>
  </datafield>
  <datafield tag="500" ind1=" " ind2=" ">
    <subfield code="a">Cover title: ʾBras-spuṅs Blo-gsal-gliṅ Dbu maʾi yig cha.</subfield>
  </datafield>
  <datafield tag="505" ind1="2" ind2=" ">
    <subfield code="a">Dbu maʾi spyi don zab don gsal baʾi sgron me / Bsod-nams-grags-pa. --Dbu ma la ʾjug paʾi brgal lan zab don yaṅ gsal sgron me / Bsod-nams-grags-pa.--Paṇ-chen Bsod-nams-grags-pas mdzad paʾi Phar phyin daṅ Dbu maʾi spyi thal̇ ... dri lan / Tshul-khrims-rgyal-mtshan.</subfield>
  </datafield>
  <datafield tag="610" ind1="2" ind2="0">
    <subfield code="a">ʾBras-spuṅs (Monastery)</subfield>
    <subfield code="b">Blo-gsal-gliṅ</subfield>
    <subfield code="x">Study and teaching.</subfield>
  </datafield>
  <datafield tag="650" ind1=" " ind2="0">
    <subfield code="a">Mādhyamika (Buddhism)</subfield>
  </datafield>
  <datafield tag="650" ind1=" " ind2="0">
    <subfield code="a">Dge-lugs-pa (Sect)</subfield>
    <subfield code="x">Study and teaching.</subfield>
  </datafield>
  <datafield tag="650" ind1=" " ind2="0">
    <subfield code="a">Tibetan language</subfield>
    <subfield code="x">Texts.</subfield>
  </datafield>
  <datafield tag="700" ind1="0" ind2="2">
    <subfield code="a">Tshul-khrims-rnam-rgyal,</subfield>
    <subfield code="c">Mi-ñag Dge-bśes.</subfield>
    <subfield code="t">Paṇ-chen Bsod-nams-grags-pas mdzad paʾi Phar-phyin daṅ Dbu maʾi spyi thal sogs kyi dogs gnas ʾgaʾ źig las brtsams paʾi dri lan.</subfield>
  </datafield>
</record>