

<record xmlns="http://www.loc.gov/MARC21/slim"
xmlns:xsi="http://www.w3.org/2001/XMLSchema-instance"
xsi:schemaLocation="http://www.loc.gov/MARC21/slim
http://www.loc.gov/standards/marcxml/schema/MARC21slim.xsd">
  <leader>00873cam a2200241Ia 4500</leader>
  <controlfield tag="001">007412777-2</controlfield>
  <controlfield tag="005">20020606163548.3</controlfield>
  <controlfield tag="008">900601s1972    ii            000 0 tib d</controlfield>
  <datafield tag="010" ind1=" " ind2=" ">
    <subfield code="a">   82904177</subfield>
  </datafield>
  <datafield tag="035" ind1="0" ind2=" ">
    <subfield code="a">ocm21945963</subfield>
  </datafield>
  <datafield tag="040" ind1=" " ind2=" ">
    <subfield code="a">CUY</subfield>
    <subfield code="c">CUY</subfield>
    <subfield code="d">GZM</subfield>
    <subfield code="d">HLS</subfield>
  </datafield>
  <datafield tag="050" ind1="1" ind2="4">
    <subfield code="a">BQ5618.T53</subfield>
    <subfield code="b">B55 1972</subfield>
  </datafield>
  <datafield tag="100" ind1="0" ind2=" ">
    <subfield code="a">Blo-bzaṅ-don-grub,</subfield>
    <subfield code="c">Rnam-grwa Mkhan Rin-po-che.</subfield>
  </datafield>
  <datafield tag="245" ind1="1" ind2="0">
    <subfield code="a">Raṅ skyon khoṅ skran &apos;don pa&apos;i skyug sman źes bya ba bźugs so /</subfield>
    <subfield code="c">[Rnam-grwa&apos;i Mkhan miṅ dga&apos; byaṅ rab &apos;byams pa Blo-bzaṅ-don-grub kyis bslab bya&apos;i tshul du bris pa&apos;o].</subfield>
  </datafield>
  <datafield tag="260" ind1=" " ind2=" ">
    <subfield code="a">[Dharamsala, H.P. :</subfield>
    <subfield code="b">Dga&apos;-byaṅ Dge-sloṅ Thub-tshul-pa,</subfield>
    <subfield code="c">1972]</subfield>
  </datafield>
  <datafield tag="300" ind1=" " ind2=" ">
    <subfield code="a">9 p. ;</subfield>
    <subfield code="c">9 x 29 cm.</subfield>
  </datafield>
  <datafield tag="500" ind1=" " ind2=" ">
    <subfield code="a">Religious instructions by a Dgelukpa master.</subfield>
  </datafield>
  <datafield tag="520" ind1=" " ind2=" ">
    <subfield code="a">In Tibetan.</subfield>
  </datafield>
  <datafield tag="650" ind1=" " ind2="0">
    <subfield code="a">Buddhist meditations.</subfield>
  </datafield>
  <datafield tag="650" ind1=" " ind2="0">
    <subfield code="a">Tibetan language</subfield>
    <subfield code="x">Texts.</subfield>
  </datafield>
</record>