

<record xmlns="http://www.loc.gov/MARC21/slim"
xmlns:xsi="http://www.w3.org/2001/XMLSchema-instance"
xsi:schemaLocation="http://www.loc.gov/MARC21/slim
http://www.loc.gov/standards/marcxml/schema/MARC21slim.xsd">
  <leader>01301cam a2200265Ma 4500</leader>
  <controlfield tag="001">007412799-3</controlfield>
  <controlfield tag="005">20020606163548.3</controlfield>
  <controlfield tag="008">900711s1970    np            000 0 tib d</controlfield>
  <datafield tag="010" ind1=" " ind2=" ">
    <subfield code="a">   73901253</subfield>
  </datafield>
  <datafield tag="035" ind1="0" ind2=" ">
    <subfield code="a">ocm25888734</subfield>
  </datafield>
  <datafield tag="040" ind1=" " ind2=" ">
    <subfield code="a">CUY</subfield>
    <subfield code="c">CUY</subfield>
    <subfield code="d">OCL</subfield>
    <subfield code="d">HLS</subfield>
  </datafield>
  <datafield tag="041" ind1="0" ind2=" ">
    <subfield code="a">tibnepeng</subfield>
  </datafield>
  <datafield tag="043" ind1=" " ind2=" ">
    <subfield code="a">a-np---</subfield>
  </datafield>
  <datafield tag="245" ind1="0" ind2="0">
    <subfield code="a">Ne-pāl gyi Śri-lṅa-ldan Rgyal-po-chen-po Ma-hen-da-ra Bir Big-ram Śā-ha Deb mchog gi mdzad rnam mdor bsdus bźugs so.</subfield>
  </datafield>
  <datafield tag="246" ind1="3" ind2=" ">
    <subfield code="a">Biography of His Majesty the King Mahendra Vir Vikram Shahadev.</subfield>
  </datafield>
  <datafield tag="260" ind1=" " ind2=" ">
    <subfield code="a">Ka-ṭha-man-dru :</subfield>
    <subfield code="b">Nar-siṅ Bhak-ta Tu-lā-tsan,</subfield>
    <subfield code="c">2026 [1970]</subfield>
  </datafield>
  <datafield tag="300" ind1=" " ind2=" ">
    <subfield code="a">[2] leaves of plates, 63, [6] p. :</subfield>
    <subfield code="b">ill. ;</subfield>
    <subfield code="c">18 cm.</subfield>
  </datafield>
  <datafield tag="500" ind1=" " ind2=" ">
    <subfield code="a">In Tibetan; appendix in Nepali.</subfield>
  </datafield>
  <datafield tag="500" ind1=" " ind2=" ">
    <subfield code="a">Title from cover; back cover title in English: Biography of His Majesty the King Mahendra Vir Vikram Shahadev.</subfield>
  </datafield>
  <datafield tag="520" ind1=" " ind2=" ">
    <subfield code="a">Probably a translation or adaptation of Durga Prasad Shrestha&apos;s &apos;Śrī Pañca Mahārājadhirája Mahendra Vīra Vikrama Śāhadeva; saṅkshipta jīvanī&apos;.</subfield>
  </datafield>
  <datafield tag="600" ind1="0" ind2="0">
    <subfield code="a">Mahendra Bir Bikram Shaha Deva,</subfield>
    <subfield code="c">Maharajadhiraja of Nepal,</subfield>
    <subfield code="d">1920-1972.</subfield>
  </datafield>
  <datafield tag="651" ind1=" " ind2="0">
    <subfield code="a">Nepal</subfield>
    <subfield code="x">Kings and rulers</subfield>
    <subfield code="x">Biography.</subfield>
  </datafield>
  <datafield tag="700" ind1="0" ind2=" ">
    <subfield code="a">Durga Prasad Shrestha.</subfield>
    <subfield code="t">Śrī Pañca Mahārājadhirája Mahendra Vīra Vikrama Śāhadeva; saṅkshipta jīvanī.</subfield>
  </datafield>
</record>