

<record xmlns="http://www.loc.gov/MARC21/slim"
xmlns:xsi="http://www.w3.org/2001/XMLSchema-instance"
xsi:schemaLocation="http://www.loc.gov/MARC21/slim
http://www.loc.gov/standards/marcxml/schema/MARC21slim.xsd">
  <leader>01028nam a2200289Ia 4500</leader>
  <controlfield tag="001">007412817-5</controlfield>
  <controlfield tag="005">20050202144848.0</controlfield>
  <controlfield tag="008">940405s1986    ii            000 0 tibod</controlfield>
  <datafield tag="010" ind1=" " ind2=" ">
    <subfield code="a">   92910976</subfield>
  </datafield>
  <datafield tag="035" ind1="0" ind2=" ">
    <subfield code="a">ocm30088240</subfield>
  </datafield>
  <datafield tag="040" ind1=" " ind2=" ">
    <subfield code="a">IUL</subfield>
    <subfield code="c">IUL</subfield>
    <subfield code="d">HLS</subfield>
  </datafield>
  <datafield tag="090" ind1=" " ind2=" ">
    <subfield code="a">BQ7457</subfield>
    <subfield code="b">.D28 1986</subfield>
  </datafield>
  <datafield tag="245" ind1="0" ind2="0">
    <subfield code="a">Dbu Tshad Mdzod Phar phyin bcas kyi dakʾ gnad las brtsams paʾi Dris lan yid kyi mun sel =</subfield>
    <subfield code="b">Dris-lan yid kyi mun-sel.</subfield>
  </datafield>
  <datafield tag="246" ind1="3" ind2=" ">
    <subfield code="a">Dris lan yid kyi mun sel.</subfield>
  </datafield>
  <datafield tag="260" ind1=" " ind2=" ">
    <subfield code="a">Mundgod, Karnataka State, India :</subfield>
    <subfield code="b">Drepung Loseling Library Society,</subfield>
    <subfield code="c">1986.</subfield>
  </datafield>
  <datafield tag="300" ind1=" " ind2=" ">
    <subfield code="a">Ka-kha, 118 p. ;</subfield>
    <subfield code="c">20 cm.</subfield>
  </datafield>
  <datafield tag="490" ind1="1" ind2=" ">
    <subfield code="a">Bsod-grags pod phreṅ ;</subfield>
    <subfield code="v">23</subfield>
  </datafield>
  <datafield tag="500" ind1=" " ind2=" ">
    <subfield code="a">In Tibetan.</subfield>
  </datafield>
  <datafield tag="500" ind1=" " ind2=" ">
    <subfield code="a">Based on the teachings of Mi-ñag Blo-bzaṅ-yon-tan.</subfield>
  </datafield>
  <datafield tag="600" ind1="0" ind2="0">
    <subfield code="a">Blo-bzaṅ-yon-tan,</subfield>
    <subfield code="c">Mi-nag</subfield>
    <subfield code="x">Teachings.</subfield>
  </datafield>
  <datafield tag="650" ind1=" " ind2="0">
    <subfield code="a">Mādhyamika (Buddhism)</subfield>
  </datafield>
  <datafield tag="650" ind1=" " ind2="0">
    <subfield code="a">Tibetan language</subfield>
    <subfield code="x">Texts.</subfield>
  </datafield>
  <datafield tag="700" ind1="0" ind2=" ">
    <subfield code="a">Blo-bzaṅ-yon-tan,</subfield>
    <subfield code="c">Mi-ñag.</subfield>
  </datafield>
  <datafield tag="830" ind1=" " ind2="0">
    <subfield code="a">Paṇ-chen Bsod-nams-grags-pa literature series ;</subfield>
    <subfield code="v">v. 23.</subfield>
  </datafield>
</record>