

<record xmlns="http://www.loc.gov/MARC21/slim"
xmlns:xsi="http://www.w3.org/2001/XMLSchema-instance"
xsi:schemaLocation="http://www.loc.gov/MARC21/slim
http://www.loc.gov/standards/marcxml/schema/MARC21slim.xsd">
  <leader>00823nam a2200229M  4500</leader>
  <controlfield tag="001">007412864-7</controlfield>
  <controlfield tag="005">20020606163548.3</controlfield>
  <controlfield tag="008">950223s1972    xx            000 0 tib d</controlfield>
  <datafield tag="010" ind1=" " ind2=" ">
    <subfield code="a">   73905675 /SA</subfield>
  </datafield>
  <datafield tag="035" ind1="0" ind2=" ">
    <subfield code="a">ocm32125157</subfield>
  </datafield>
  <datafield tag="040" ind1=" " ind2=" ">
    <subfield code="a">NYP</subfield>
    <subfield code="c">NYP</subfield>
    <subfield code="d">HLS</subfield>
  </datafield>
  <datafield tag="050" ind1="0" ind2=" ">
    <subfield code="a">BQ2000.S243</subfield>
    <subfield code="b">T5 1972</subfield>
  </datafield>
  <datafield tag="130" ind1="0" ind2=" ">
    <subfield code="a">Tripiṭaka.</subfield>
    <subfield code="p">Sūtrapiṭaka.</subfield>
    <subfield code="p">Prajñāpāramitā.</subfield>
    <subfield code="p">Sañcayagāthā.</subfield>
    <subfield code="l">Tibetan.</subfield>
  </datafield>
  <datafield tag="245" ind1="1" ind2="0">
    <subfield code="a">ʾPhags pa Śes rab kyi pha rol tu phyin pa sdud pa tshigs su bcad pa.</subfield>
  </datafield>
  <datafield tag="260" ind1=" " ind2=" ">
    <subfield code="a">[S.l. :</subfield>
    <subfield code="b">s.n.,</subfield>
    <subfield code="c">1972]</subfield>
  </datafield>
  <datafield tag="300" ind1=" " ind2=" ">
    <subfield code="a">40 (i.e. 80) p.</subfield>
    <subfield code="c">11 x 44 cm.</subfield>
  </datafield>
  <datafield tag="500" ind1=" " ind2=" ">
    <subfield code="a">Includes added Sanskrit titles in Lañca and Tibetan scripts.</subfield>
  </datafield>
  <datafield tag="500" ind1=" " ind2=" ">
    <subfield code="a">In Tibetan.</subfield>
  </datafield>
  <datafield tag="500" ind1=" " ind2=" ">
    <subfield code="a">Impressions from blocks preserved at Sangdo Palri (Zaṅs-mdog Dpalri) Monastery in Kalimpong, West Bengal.</subfield>
  </datafield>
</record>