

<record xmlns="http://www.loc.gov/MARC21/slim"
xmlns:xsi="http://www.w3.org/2001/XMLSchema-instance"
xsi:schemaLocation="http://www.loc.gov/MARC21/slim
http://www.loc.gov/standards/marcxml/schema/MARC21slim.xsd">
  <leader>01260nam a2200277Ii 4500</leader>
  <controlfield tag="001">007424595-3</controlfield>
  <controlfield tag="005">20020606163548.3</controlfield>
  <controlfield tag="008">780824m1976    bt            000 0dtib d</controlfield>
  <datafield tag="010" ind1=" " ind2=" ">
    <subfield code="a">   77900739</subfield>
  </datafield>
  <datafield tag="020" ind1=" " ind2=" ">
    <subfield code="c">Rs300.00 per vol.</subfield>
  </datafield>
  <datafield tag="035" ind1="0" ind2=" ">
    <subfield code="a">ocm04164667</subfield>
  </datafield>
  <datafield tag="040" ind1=" " ind2=" ">
    <subfield code="a">IUL</subfield>
    <subfield code="c">IUL</subfield>
    <subfield code="d">HLS</subfield>
  </datafield>
  <datafield tag="090" ind1=" " ind2=" ">
    <subfield code="a">BQ7662</subfield>
    <subfield code="b">.R5 1976</subfield>
  </datafield>
  <datafield tag="245" ind1="0" ind2="0">
    <subfield code="a">Rin chen gter mdzod chen mo :</subfield>
    <subfield code="b">a reproduction of the Stod-luṅ Mtshur-phu redaction of ʾJam-mgon Koṅ-sprul&apos;s great work on the unity of the gter-ma traditions of Tibet, with supplemental texts from the Dpal-spuṅs redaction and other manuscripts.</subfield>
  </datafield>
  <datafield tag="246" ind1="3" ind2=" ">
    <subfield code="a">Treasury of rediscovered teachings.</subfield>
  </datafield>
  <datafield tag="260" ind1=" " ind2=" ">
    <subfield code="a">Paro :</subfield>
    <subfield code="b">Ngodrup and Sherab Drimay,</subfield>
    <subfield code="c">1976-1978.</subfield>
  </datafield>
  <datafield tag="300" ind1=" " ind2=" ">
    <subfield code="a">39 v. ;</subfield>
    <subfield code="c">11 x 39 cm.</subfield>
  </datafield>
  <datafield tag="500" ind1=" " ind2=" ">
    <subfield code="a">Added title on boards: The treasury of rediscovered teachings.</subfield>
  </datafield>
  <datafield tag="500" ind1=" " ind2=" ">
    <subfield code="a">Text in Tibetan; preface in English.</subfield>
  </datafield>
  <datafield tag="500" ind1=" " ind2=" ">
    <subfield code="a">&quot;Reproduced at the order of Dingo Chhentse Rimpoche under the esteemed patronage of H. M. Ashé Kesang, Queen Mother of Bhutan, and H. R. H. Ashé Phuntsho Choedron, Senior Royal Grandmother.&quot; : t.p.</subfield>
  </datafield>
  <datafield tag="650" ind1=" " ind2="0">
    <subfield code="a">Rñiṅ-ma-pa (Sect)</subfield>
  </datafield>
  <datafield tag="650" ind1=" " ind2="0">
    <subfield code="a">Tibetan language</subfield>
    <subfield code="x">Texts.</subfield>
  </datafield>
  <datafield tag="700" ind1="0" ind2=" ">
    <subfield code="a">Koṅ-sprul Blo-gros-mthaʾ-yas,</subfield>
    <subfield code="d">1813-1899.</subfield>
  </datafield>
</record>