

<record xmlns="http://www.loc.gov/MARC21/slim"
xmlns:xsi="http://www.w3.org/2001/XMLSchema-instance"
xsi:schemaLocation="http://www.loc.gov/MARC21/slim
http://www.loc.gov/standards/marcxml/schema/MARC21slim.xsd">
  <leader>01286nam a2200277Ii 4500</leader>
  <controlfield tag="001">007424596-1</controlfield>
  <controlfield tag="005">20090713012742.0</controlfield>
  <controlfield tag="008">781019s1969    ii            000 0 tib d</controlfield>
  <datafield tag="035" ind1="0" ind2=" ">
    <subfield code="a">ocm04306831</subfield>
  </datafield>
  <datafield tag="035" ind1="0" ind2=" ">
    <subfield code="a">ocm04306831</subfield>
    <subfield code="z">ocm21917905</subfield>
  </datafield>
  <datafield tag="040" ind1=" " ind2=" ">
    <subfield code="a">IUL</subfield>
    <subfield code="c">IUL</subfield>
    <subfield code="d">HLS</subfield>
  </datafield>
  <datafield tag="090" ind1=" " ind2=" ">
    <subfield code="a">BQ3340.S34</subfield>
    <subfield code="b">T172322 1969</subfield>
  </datafield>
  <datafield tag="100" ind1="0" ind2=" ">
    <subfield code="a">Bstan-paʼi-ñi-ma,</subfield>
    <subfield code="c">Panchen Lama IV,</subfield>
    <subfield code="d">1781-1854.</subfield>
  </datafield>
  <datafield tag="245" ind1="1" ind2="4">
    <subfield code="a">The Rin-lhan Sādhana-māla of Panchen Lama Bstan-paḥi-ñi-ma-phyogs-las-rnam-rgyal /</subfield>
    <subfield code="c">edited by Lokesh Chandra.</subfield>
  </datafield>
  <datafield tag="246" ind1="3" ind2=" ">
    <subfield code="a">Yi dam rgya mtshoʼi sgrub thabs rin chen ʼbyuṅ gnas kyi lhan thabs rin ʼbyuṅ don gsal.</subfield>
  </datafield>
  <datafield tag="260" ind1=" " ind2=" ">
    <subfield code="a">New Delhi :</subfield>
    <subfield code="b">International Academy of Indian Culture,</subfield>
    <subfield code="c">1969.</subfield>
  </datafield>
  <datafield tag="300" ind1=" " ind2=" ">
    <subfield code="a">40 p. ;</subfield>
    <subfield code="c">28 cm.</subfield>
  </datafield>
  <datafield tag="500" ind1=" " ind2=" ">
    <subfield code="a">Comprises the first portion of the author&apos;s Yi dam rgya mtshoʼi sgrub thabs rin chen ʼbyuṅ gnas kyi lhan thabs rin ʼbyuṅ don gsal.</subfield>
  </datafield>
  <datafield tag="500" ind1=" " ind2=" ">
    <subfield code="a">In Tibetan.</subfield>
  </datafield>
  <datafield tag="650" ind1=" " ind2="0">
    <subfield code="a">Buddhist gods.</subfield>
  </datafield>
  <datafield tag="630" ind1="0" ind2="0">
    <subfield code="a">Aids to Sadhana series</subfield>
    <subfield code="x">Commentaries.</subfield>
  </datafield>
  <datafield tag="600" ind1="0" ind2="0">
    <subfield code="a">Tāranātha,</subfield>
    <subfield code="c">Jo-naṅ-pa,</subfield>
    <subfield code="d">1575-</subfield>
    <subfield code="t">Yi dam rgya mtshoʼi sgrub thabs rin chen ʼbyuṅ gnas.</subfield>
  </datafield>
  <datafield tag="700" ind1="0" ind2=" ">
    <subfield code="a">Lokesh Chandra.</subfield>
  </datafield>
  <datafield tag="700" ind1="0" ind2=" ">
    <subfield code="a">Bstan-paʼi-ñi-ma,</subfield>
    <subfield code="c">Panchen Lama IV,</subfield>
    <subfield code="d">1781-1854.</subfield>
    <subfield code="t">Yi dam rgya mtshoʼi sgrub thabs rin chen ʼbyuṅ gnas kyi lhan thabs rin ʼbyuṅ don gsal.</subfield>
    <subfield code="p">Rin-lhan.</subfield>
  </datafield>
</record>