

<record xmlns="http://www.loc.gov/MARC21/slim"
xmlns:xsi="http://www.w3.org/2001/XMLSchema-instance"
xsi:schemaLocation="http://www.loc.gov/MARC21/slim
http://www.loc.gov/standards/marcxml/schema/MARC21slim.xsd">
  <leader>02253nam a2200301Ia 4500</leader>
  <controlfield tag="001">007424618-6</controlfield>
  <controlfield tag="005">20020606163548.3</controlfield>
  <controlfield tag="008">811022s1972    ii            000 0 tibod</controlfield>
  <datafield tag="010" ind1=" " ind2=" ">
    <subfield code="a">   72906614</subfield>
  </datafield>
  <datafield tag="020" ind1=" " ind2=" ">
    <subfield code="c">Rs17.28</subfield>
  </datafield>
  <datafield tag="035" ind1="0" ind2=" ">
    <subfield code="a">ocm07867689</subfield>
  </datafield>
  <datafield tag="040" ind1=" " ind2=" ">
    <subfield code="a">IUL</subfield>
    <subfield code="c">IUL</subfield>
    <subfield code="d">HLS</subfield>
  </datafield>
  <datafield tag="043" ind1=" " ind2=" ">
    <subfield code="a">a-cc-ti</subfield>
  </datafield>
  <datafield tag="090" ind1=" " ind2=" ">
    <subfield code="a">BQ4695</subfield>
    <subfield code="b">.K6 1972</subfield>
  </datafield>
  <datafield tag="100" ind1="0" ind2=" ">
    <subfield code="a">Koṅ-sprul Blo-gros-mthaʾ-yas,</subfield>
    <subfield code="d">1813-1899.</subfield>
  </datafield>
  <datafield tag="240" ind1="1" ind2="0">
    <subfield code="a">Ñe sras bsṅags brjod</subfield>
  </datafield>
  <datafield tag="245" ind1="1" ind2="0">
    <subfield code="a">ʾJam-dpal-gźon-nur-gyur-baʾi rnam thar phyogs gcig gi cha śas la cuṅ zad bsṅags pa Nor bu rin po cheʾi rgyal po dbyer med baʾi ye śes rgya mtsho graṅs med pa rjes su sgrog paʾi sprin gyi char źes bya ba bźugs so /</subfield>
    <subfield code="c">[Blo-gros-mthar-yas kyis bris]</subfield>
  </datafield>
  <datafield tag="260" ind1=" " ind2=" ">
    <subfield code="a">[Rum-btegs :</subfield>
    <subfield code="b">s.n.,</subfield>
    <subfield code="c">1972]</subfield>
  </datafield>
  <datafield tag="300" ind1=" " ind2=" ">
    <subfield code="a">36 [i.e. 72] p. ; 11 x 53 cm.</subfield>
  </datafield>
  <datafield tag="500" ind1=" " ind2=" ">
    <subfield code="a">In Tibetan.</subfield>
  </datafield>
  <datafield tag="500" ind1=" " ind2=" ">
    <subfield code="a">Running title.</subfield>
  </datafield>
  <datafield tag="500" ind1=" " ind2=" ">
    <subfield code="a">Saʾi-sñiṅ-poʾi rnam thar phyogs gcig gi cha śas ... rgyal po smon lam rgya mtsho graṅs med pa Rjes su sgrog paʾi sprin gyi char.--Sgrib-pa-thams-cad-rnam-par-sel-baʾi rnam thar phyogs gcig gi cha śas ... rgyal po tiṅ ṅe ʾdzin rgya mtsho graṅs med pa Rjes su sgrog paʾi sprin gyi char.--Rgyal-sras Nam-mkhaʾi-sñiṅ-poʾi rnam thar phyogs gcig gi cha śas ... rgyal po sems can sñiṅ-poʾi rnam thar phyogs gcig gi cha śas ... rgyal po sems can gyi bsam pa daṅ spyod pa la ʾjug pa rgya mtsho graṅs med Rjes su sgrog paʾi sprin char.--ʾPhags-pa Kun-tu-bzaṅ-poʾi rnam thar phyogs gcig gi cha śas ... rgyal po rnam thar rgya mtsho graṅs med pa Rjes su sgrog paʾi sprin gyi char.</subfield>
  </datafield>
  <datafield tag="505" ind1="0" ind2=" ">
    <subfield code="a">Rje-btsun Spyan-ras-gzigs-dbaṅ-phyug gi rnam thar phyogs gcig gi cha śas la cuṅ zad bsṅags pa Nor bu rin po cheʾi rgyal po bsod nams daṅ ye śes kyi tshogs rgya mtsho graṅs med ba rjes su sgrag paʾi sprin gyi char.--Dpal Rdo-rje-ʾdzin-paʾi rnam thar phyogs gcig gi cha śas ... rgyal po gzuṅs rgya mtsho graṅs med pa Rjes su sgrog paʾi sprin gyi char.--Rgyal-tshab Byams-pa Mgon-poʾi rnam thar phyogs gcig gi cha śas ... rgyal po rol tu phyin pa rgya mtsho graṅs med pa Rjes sgrogs paʾi sprin gyi char.-- Byaṅ-chub-sems-dpaʾ</subfield>
  </datafield>
  <datafield tag="650" ind1=" " ind2="0">
    <subfield code="a">Bodhisattvas</subfield>
    <subfield code="x">Prayers and devotions</subfield>
    <subfield code="x">Tibetan.</subfield>
  </datafield>
  <datafield tag="650" ind1=" " ind2="0">
    <subfield code="a">Tibetan language</subfield>
    <subfield code="x">Texts.</subfield>
  </datafield>
</record>