

<record xmlns="http://www.loc.gov/MARC21/slim"
xmlns:xsi="http://www.w3.org/2001/XMLSchema-instance"
xsi:schemaLocation="http://www.loc.gov/MARC21/slim
http://www.loc.gov/standards/marcxml/schema/MARC21slim.xsd">
  <leader>01158nam a2200277Ia 4500</leader>
  <controlfield tag="001">007424635-6</controlfield>
  <controlfield tag="005">20020606163548.3</controlfield>
  <controlfield tag="008">830823s1968    ii            000 0 tib d</controlfield>
  <datafield tag="020" ind1=" " ind2=" ">
    <subfield code="c">Rsl.20</subfield>
  </datafield>
  <datafield tag="035" ind1="0" ind2=" ">
    <subfield code="a">ocm09836522</subfield>
  </datafield>
  <datafield tag="040" ind1=" " ind2=" ">
    <subfield code="a">IUL</subfield>
    <subfield code="c">IUL</subfield>
    <subfield code="d">HLS</subfield>
  </datafield>
  <datafield tag="043" ind1=" " ind2=" ">
    <subfield code="a">a-cc-ti</subfield>
  </datafield>
  <datafield tag="090" ind1=" " ind2=" ">
    <subfield code="a">BQ984.E829</subfield>
    <subfield code="b">N34 1968</subfield>
  </datafield>
  <datafield tag="100" ind1="0" ind2=" ">
    <subfield code="a">Ṅag-dbaṅ-chos-kyi-rgyal-mtshan,</subfield>
    <subfield code="c">Sdiṅs-po-che Cog-gra Sprul-sku VI.</subfield>
  </datafield>
  <datafield tag="245" ind1="1" ind2="0">
    <subfield code="a">Khyab bdag Yoṅs su ʾdzin pa chen poʾi rnam thar bstod pa Mi phyed dad paʾi rṅa dbyaṅs :</subfield>
    <subfield code="b">a eulogy recounting the life of the 7th Bde-chen-chos-ʾkhor Yoṅs-ʾdzin ʾJam-dpal-śes-bya-kun-mkhyen-mi-pham-ye-śes-snaṅ-ba /</subfield>
    <subfield code="c">by Ṅag-dbaṅ-chos-kyi-rgyal-mtshan.</subfield>
  </datafield>
  <datafield tag="246" ind1="3" ind2=" ">
    <subfield code="a">Mi phyed dad paʾi rṅa dbyaṅs.</subfield>
  </datafield>
  <datafield tag="260" ind1=" " ind2=" ">
    <subfield code="a">Chemre :</subfield>
    <subfield code="b">s.n.,</subfield>
    <subfield code="c">1968.</subfield>
  </datafield>
  <datafield tag="300" ind1=" " ind2=" ">
    <subfield code="a">6 [i.e. 11] p. ;</subfield>
    <subfield code="c">10 x 29 cm.</subfield>
  </datafield>
  <datafield tag="500" ind1=" " ind2=" ">
    <subfield code="a">In Tibetan.</subfield>
  </datafield>
  <datafield tag="500" ind1=" " ind2=" ">
    <subfield code="a">Printed from the blocks preserved at the Hemis Rgod-tshaṅ Hermitage.</subfield>
  </datafield>
  <datafield tag="600" ind1="0" ind2="0">
    <subfield code="a">Śes-bya-kun-mkhyen,</subfield>
    <subfield code="c">Bde-chen-chos-ʾkhor Yoṅs-ʾdzin VII.</subfield>
  </datafield>
  <datafield tag="650" ind1=" " ind2="0">
    <subfield code="a">ʾBrug-pa lamas</subfield>
    <subfield code="z">China</subfield>
    <subfield code="z">Tibet Autonomous Region</subfield>
    <subfield code="x">Biography.</subfield>
  </datafield>
  <datafield tag="650" ind1=" " ind2="0">
    <subfield code="a">ʾBrug-pa (Sect)</subfield>
    <subfield code="x">Prayers and devotions</subfield>
    <subfield code="x">Tibetan.</subfield>
  </datafield>
</record>