

<record xmlns="http://www.loc.gov/MARC21/slim"
xmlns:xsi="http://www.w3.org/2001/XMLSchema-instance"
xsi:schemaLocation="http://www.loc.gov/MARC21/slim
http://www.loc.gov/standards/marcxml/schema/MARC21slim.xsd">
  <leader>01724nam a2200349Ia 4500</leader>
  <controlfield tag="001">007424636-4</controlfield>
  <controlfield tag="005">20020606163548.3</controlfield>
  <controlfield tag="008">830824s1968    ii            000 0 tibod</controlfield>
  <datafield tag="020" ind1=" " ind2=" ">
    <subfield code="c">Rs10.00</subfield>
  </datafield>
  <datafield tag="035" ind1="0" ind2=" ">
    <subfield code="a">ocm22422912</subfield>
  </datafield>
  <datafield tag="035" ind1="0" ind2=" ">
    <subfield code="a">ocm09841089</subfield>
  </datafield>
  <datafield tag="040" ind1=" " ind2=" ">
    <subfield code="a">IUL</subfield>
    <subfield code="c">IUL</subfield>
    <subfield code="d">HLS</subfield>
  </datafield>
  <datafield tag="043" ind1=" " ind2=" ">
    <subfield code="a">a-cc-ti</subfield>
  </datafield>
  <datafield tag="090" ind1=" " ind2=" ">
    <subfield code="a">BQ4690.B54</subfield>
    <subfield code="b">T54 1968</subfield>
  </datafield>
  <datafield tag="100" ind1="0" ind2=" ">
    <subfield code="a">Ṅag-dbaṅ-bsod-nams-rgyal-mtshan,</subfield>
    <subfield code="c">Ṅor Khaṅ-gsar Mkhan-chen.</subfield>
  </datafield>
  <datafield tag="245" ind1="1" ind2="0">
    <subfield code="a">Sman-blaʼi mdo chog Gźan phan bde ʼjug gi zur rgyan Kun phan utpal gźon nuʼi ʼkhri śiṅ źes bya ba bźugs so /</subfield>
    <subfield code="c">[Ṅag-dbaṅ-bsod-nams-rgyal-mtshan nam Ṅag-dbaṅ-blo-gros-dri-med-gźan-la-phan-mi-zad-paʼi-gter bgyi]</subfield>
  </datafield>
  <datafield tag="246" ind1="3" ind2=" ">
    <subfield code="a">Sman chog Gźan phan bde ʼjug daṅ ʼbrel bar stoṅ mchod bya tshul.</subfield>
  </datafield>
  <datafield tag="246" ind1="3" ind2=" ">
    <subfield code="a">Bde-gśegs Sman-bla mched brgyad mchod paʼi cho gaʼi phan yon mdor bsdus.</subfield>
  </datafield>
  <datafield tag="246" ind1="3" ind2=" ">
    <subfield code="a">Kun phan utpal gźon nuʼi ʼkhri śiṅ.</subfield>
  </datafield>
  <datafield tag="260" ind1=" " ind2=" ">
    <subfield code="a">[Sgaṅ-tog :</subfield>
    <subfield code="b">Sa Ṅor Chos-tshogs,</subfield>
    <subfield code="c">1968]</subfield>
  </datafield>
  <datafield tag="300" ind1=" " ind2=" ">
    <subfield code="a">40 [i.e. 79] p. ;</subfield>
    <subfield code="c">9 x 41 cm.</subfield>
  </datafield>
  <datafield tag="500" ind1=" " ind2=" ">
    <subfield code="a">In Tibetan.</subfield>
  </datafield>
  <datafield tag="500" ind1=" " ind2=" ">
    <subfield code="a">&quot;Par ʼdi ʼBras-ljoṅs Sa Ṅor Chos-tshogs su bźugs.&quot;</subfield>
  </datafield>
  <datafield tag="500" ind1=" " ind2=" ">
    <subfield code="a">Also includes the Stoṅ mchod and Rna baʼi bdud rtsi of Koṅ-sprul.</subfield>
  </datafield>
  <datafield tag="600" ind1="0" ind2="0">
    <subfield code="a">Blo-gsal-bstan-skyoṅ,</subfield>
    <subfield code="c">Źwa-lu Ri-sbug-Sprul-sku,</subfield>
    <subfield code="d">1804-</subfield>
    <subfield code="t">Sman-blaʼi mdo chog sñiṅ po Gźan phan bde ʼjug.</subfield>
  </datafield>
  <datafield tag="650" ind1=" " ind2="0">
    <subfield code="a">Bhaiṣajyaguru (Buddhist deity)</subfield>
    <subfield code="x">Cult</subfield>
    <subfield code="z">China</subfield>
    <subfield code="z">Tibet Autonomous Region.</subfield>
  </datafield>
  <datafield tag="650" ind1=" " ind2="0">
    <subfield code="a">Sa-skya-pa (Sect)</subfield>
    <subfield code="x">Rituals.</subfield>
  </datafield>
  <datafield tag="650" ind1=" " ind2="0">
    <subfield code="a">Tibetan language</subfield>
    <subfield code="x">Texts.</subfield>
  </datafield>
  <datafield tag="700" ind1="0" ind2="2">
    <subfield code="a">Koṅ-sprul Blo-gros-mthaʼ-yas,</subfield>
    <subfield code="d">1813-1899.</subfield>
    <subfield code="t">Sman chog Gźan phan bde ʼjug daṅ ʼbrel bar stoṅ mchod bya tshul.</subfield>
  </datafield>
  <datafield tag="700" ind1="0" ind2="2">
    <subfield code="a">Koṅ-sprul Blo-gros-mthaʼ-yas,</subfield>
    <subfield code="d">1813-1899.</subfield>
    <subfield code="t">Bde-gśegs Sman-bla mched brgyad mchod paʼi cho gaʼi phan yon mdor bsdus.</subfield>
  </datafield>
</record>