

<record xmlns="http://www.loc.gov/MARC21/slim"
xmlns:xsi="http://www.w3.org/2001/XMLSchema-instance"
xsi:schemaLocation="http://www.loc.gov/MARC21/slim
http://www.loc.gov/standards/marcxml/schema/MARC21slim.xsd">
  <leader>00795cam a2200193Ma 4500</leader>
  <controlfield tag="001">007424678-X</controlfield>
  <controlfield tag="005">20020606163548.3</controlfield>
  <controlfield tag="008">881017s1975    ii            000 0 tib d</controlfield>
  <datafield tag="035" ind1="0" ind2=" ">
    <subfield code="a">ocm21862345</subfield>
  </datafield>
  <datafield tag="040" ind1=" " ind2=" ">
    <subfield code="a">CUY</subfield>
    <subfield code="c">CUY</subfield>
    <subfield code="d">GZM</subfield>
    <subfield code="d">HLS</subfield>
  </datafield>
  <datafield tag="090" ind1=" " ind2=" ">
    <subfield code="a">BQ2167</subfield>
    <subfield code="b">.K66 1975</subfield>
  </datafield>
  <datafield tag="100" ind1="0" ind2=" ">
    <subfield code="a">Koṅ-sprul Blo-gros-mthaʾ-yas,</subfield>
    <subfield code="d">1813-1899.</subfield>
  </datafield>
  <datafield tag="245" ind1="1" ind2="0">
    <subfield code="a">Rgyud kyi rgyal po Dpal Brtag pa gñis paʾi spyi don legs par bśad pa gsaṅ ba bla na med pa rdo rje drwa baʾi rgyan :</subfield>
    <subfield code="b">an explanation of the general meaning of the Hevajratantra /</subfield>
    <subfield code="c">by ʾJam-mgon Koṅ-sprul Blo-gros-mthaʾ-yas.</subfield>
  </datafield>
  <datafield tag="260" ind1=" " ind2=" ">
    <subfield code="a">Rumtek, Sikkim :</subfield>
    <subfield code="b">Dharma Chakra Center,</subfield>
    <subfield code="c">1975.</subfield>
  </datafield>
  <datafield tag="300" ind1=" " ind2=" ">
    <subfield code="a">214 p. ;</subfield>
    <subfield code="c">9 x 50 cm.</subfield>
  </datafield>
  <datafield tag="500" ind1=" " ind2=" ">
    <subfield code="a">Reproduced from a print from the blocks preserved at Dpal-spuṡ Monastery.</subfield>
  </datafield>
</record>