

<record xmlns="http://www.loc.gov/MARC21/slim"
xmlns:xsi="http://www.w3.org/2001/XMLSchema-instance"
xsi:schemaLocation="http://www.loc.gov/MARC21/slim
http://www.loc.gov/standards/marcxml/schema/MARC21slim.xsd">
  <leader>01154nam a2200313Ia 4500</leader>
  <controlfield tag="001">007424753-0</controlfield>
  <controlfield tag="005">20020606163548.3</controlfield>
  <controlfield tag="008">940812s1986    ii            000 0 tibod</controlfield>
  <datafield tag="010" ind1=" " ind2=" ">
    <subfield code="a">   92910454</subfield>
  </datafield>
  <datafield tag="035" ind1="0" ind2=" ">
    <subfield code="a">ocm30936103</subfield>
  </datafield>
  <datafield tag="040" ind1=" " ind2=" ">
    <subfield code="a">IUL</subfield>
    <subfield code="c">IUL</subfield>
    <subfield code="d">HLS</subfield>
  </datafield>
  <datafield tag="090" ind1=" " ind2=" ">
    <subfield code="a">BQ7457</subfield>
    <subfield code="b">.D74 1986</subfield>
  </datafield>
  <datafield tag="245" ind1="0" ind2="0">
    <subfield code="a">Dris lan Mkhas paʾi mgrin rgyan źes bya ba bźugs so =</subfield>
    <subfield code="b">Dris-lan mkhas paʾi mgrin-rgyan.</subfield>
  </datafield>
  <datafield tag="246" ind1="3" ind2=" ">
    <subfield code="a">Mkhas paʾi mgrin rgyan.</subfield>
  </datafield>
  <datafield tag="246" ind1="3" ind2=" ">
    <subfield code="a">Dris-lan Mkhas paʾi mgrin-rgyan.</subfield>
  </datafield>
  <datafield tag="250" ind1=" " ind2=" ">
    <subfield code="a">&quot;First reprinted on 23rd May, 1986.&quot;</subfield>
  </datafield>
  <datafield tag="260" ind1=" " ind2=" ">
    <subfield code="a">Mundgod, N.K., Karnataka State, India :</subfield>
    <subfield code="b">Drepung Loseling Library Society,</subfield>
    <subfield code="c">1986.</subfield>
  </datafield>
  <datafield tag="300" ind1=" " ind2=" ">
    <subfield code="a">76, [2] p. ;</subfield>
    <subfield code="c">19 cm.</subfield>
  </datafield>
  <datafield tag="500" ind1=" " ind2=" ">
    <subfield code="a">In Tibetan ; pref. in English and Tibetan.</subfield>
  </datafield>
  <datafield tag="500" ind1=" " ind2=" ">
    <subfield code="a">&quot;Dpe aṅ 28.&quot;</subfield>
  </datafield>
  <datafield tag="600" ind1="0" ind2="0">
    <subfield code="a">Bkra-śis-stoṅ-thun</subfield>
    <subfield code="x">Teachings.</subfield>
  </datafield>
  <datafield tag="600" ind1="0" ind2="0">
    <subfield code="a">ʾJam-dpal-phrin-las-yon-tan-rgya-mtsho,</subfield>
    <subfield code="c">Stod-mtshams Sprul-sku,</subfield>
    <subfield code="d">1913-</subfield>
    <subfield code="x">Teachings.</subfield>
  </datafield>
  <datafield tag="650" ind1=" " ind2="0">
    <subfield code="a">Mādhyamika (Buddhism)</subfield>
  </datafield>
  <datafield tag="650" ind1=" " ind2="0">
    <subfield code="a">Tibetan language</subfield>
    <subfield code="x">Texts.</subfield>
  </datafield>
  <datafield tag="700" ind1="0" ind2=" ">
    <subfield code="a">Bkra-śis-stoṅ-than.</subfield>
  </datafield>
  <datafield tag="700" ind1="0" ind2=" ">
    <subfield code="a">ʾJam-dpal-ʾphrin-las-yon-tan-rgya-mtsho,</subfield>
    <subfield code="c">Stod-mtshans Sprul-sku,</subfield>
    <subfield code="d">1913-</subfield>
  </datafield>
</record>