

<record xmlns="http://www.loc.gov/MARC21/slim"
xmlns:xsi="http://www.w3.org/2001/XMLSchema-instance"
xsi:schemaLocation="http://www.loc.gov/MARC21/slim
http://www.loc.gov/standards/marcxml/schema/MARC21slim.xsd">
  <leader>01080nam a2200289Ia 4500</leader>
  <controlfield tag="001">007430630-8</controlfield>
  <controlfield tag="005">20020606163548.3</controlfield>
  <controlfield tag="008">820526s1972    ii            000 0 tibod</controlfield>
  <datafield tag="010" ind1=" " ind2=" ">
    <subfield code="a">   72906894</subfield>
  </datafield>
  <datafield tag="020" ind1=" " ind2=" ">
    <subfield code="c">Rs2.88</subfield>
  </datafield>
  <datafield tag="035" ind1="0" ind2=" ">
    <subfield code="a">ocm22422212</subfield>
  </datafield>
  <datafield tag="035" ind1="0" ind2=" ">
    <subfield code="a">ocm08463340</subfield>
  </datafield>
  <datafield tag="040" ind1=" " ind2=" ">
    <subfield code="a">IUL</subfield>
    <subfield code="c">IUL</subfield>
    <subfield code="d">HLS</subfield>
  </datafield>
  <datafield tag="043" ind1=" " ind2=" ">
    <subfield code="a">a-cc-ti</subfield>
  </datafield>
  <datafield tag="090" ind1=" " ind2=" ">
    <subfield code="a">BQ7672.6</subfield>
    <subfield code="b">.T8 1972</subfield>
  </datafield>
  <datafield tag="100" ind1="0" ind2=" ">
    <subfield code="a">Tshul-khrims-gźan-phan-chos-kyi-zla-ba,</subfield>
    <subfield code="c">Zur-maṅ Bstan-ʼdzin Sprul-sku,</subfield>
    <subfield code="d">-1963?</subfield>
  </datafield>
  <datafield tag="245" ind1="1" ind2="0">
    <subfield code="a">Rgyal mchog Bcu-drug-pa-chen-por mos gus kyis gsol ʼdebs la Yon tan rjes su dran paʼi sñan glu źes bya ba bźugs /</subfield>
    <subfield code="c">[Zur-maṅ Bstan-ʼdzin Sprul-miṅ-pas gsol ba btab]</subfield>
  </datafield>
  <datafield tag="246" ind1="3" ind2=" ">
    <subfield code="a">Yon tan rjes su dran paʼi sñan glu.</subfield>
  </datafield>
  <datafield tag="260" ind1=" " ind2=" ">
    <subfield code="a">[Rum-btegs :</subfield>
    <subfield code="b">s.n.,</subfield>
    <subfield code="c">1972]</subfield>
  </datafield>
  <datafield tag="300" ind1=" " ind2=" ">
    <subfield code="a">6 [i.e. 12] p. ;</subfield>
    <subfield code="c">10 x 41 cm.</subfield>
  </datafield>
  <datafield tag="500" ind1=" " ind2=" ">
    <subfield code="a">In Tibetan.</subfield>
  </datafield>
  <datafield tag="500" ind1=" " ind2=" ">
    <subfield code="a">Xylograph from blocks kept at Rum-btegs Karma-chos-sgar, Sikkim.</subfield>
  </datafield>
  <datafield tag="600" ind1="0" ind2="0">
    <subfield code="a">Raṅ-byuṅ-rig-paʼi-rdo-rje,</subfield>
    <subfield code="c">Karma-pa XVI,</subfield>
    <subfield code="d">1924-</subfield>
  </datafield>
  <datafield tag="650" ind1=" " ind2="0">
    <subfield code="a">Kar-ma-pa (Sect)</subfield>
    <subfield code="x">Prayers and devotions.</subfield>
  </datafield>
  <datafield tag="650" ind1=" " ind2="0">
    <subfield code="a">Tibetan language</subfield>
    <subfield code="x">Texts.</subfield>
  </datafield>
</record>