

<record xmlns="http://www.loc.gov/MARC21/slim"
xmlns:xsi="http://www.w3.org/2001/XMLSchema-instance"
xsi:schemaLocation="http://www.loc.gov/MARC21/slim
http://www.loc.gov/standards/marcxml/schema/MARC21slim.xsd">
  <leader>01560cam a2200325Ia 4500</leader>
  <controlfield tag="001">007430660-X</controlfield>
  <controlfield tag="005">20020606163548.3</controlfield>
  <controlfield tag="008">871117s1968    ii            000 0 tibod</controlfield>
  <datafield tag="020" ind1=" " ind2=" ">
    <subfield code="c">Rs14.00</subfield>
  </datafield>
  <datafield tag="035" ind1="0" ind2=" ">
    <subfield code="a">ocm16992305</subfield>
  </datafield>
  <datafield tag="040" ind1=" " ind2=" ">
    <subfield code="a">IUL</subfield>
    <subfield code="c">IUL</subfield>
    <subfield code="d">HLS</subfield>
  </datafield>
  <datafield tag="043" ind1=" " ind2=" ">
    <subfield code="a">a-cc-ti</subfield>
  </datafield>
  <datafield tag="090" ind1=" " ind2=" ">
    <subfield code="a">BQ4710.A84</subfield>
    <subfield code="b">T584 1968</subfield>
  </datafield>
  <datafield tag="100" ind1="0" ind2=" ">
    <subfield code="a">Tshul-khrims-rin-chen,</subfield>
    <subfield code="c">Źu-chen,</subfield>
    <subfield code="d">1697-1774.</subfield>
  </datafield>
  <datafield tag="245" ind1="1" ind2="0">
    <subfield code="a">ʾPhags-pa ʾJig-rten-dbaṅ-phyug Źal-bcu-gcig-pa Dge-sloṅ-ma Dpal-moʾi lugs kyi sgrub thabs daṅ smyuṅ gnas kyi cho ga ñams su len pa bźugs so /</subfield>
    <subfield code="c">[Tshul-khrims-rin-chen gyis klags pas grub par ... ʾJam-dbyaṅs Mkhyen-brtseʾi-dbaṅ-pos bṙiṡ]</subfield>
  </datafield>
  <datafield tag="246" ind1="3" ind2=" ">
    <subfield code="a">Thugs-rje-chen-po Bcu-gcig-źal gyi bla ma brgyud pa la gsol ʾdebs pa.</subfield>
  </datafield>
  <datafield tag="246" ind1="3" ind2=" ">
    <subfield code="a">Brgyud paʾi byin rlabs ʾdren paʾi śiṅ rta.</subfield>
  </datafield>
  <datafield tag="260" ind1=" " ind2=" ">
    <subfield code="a">[Sgaṅ-tog :</subfield>
    <subfield code="b">Dpal-ldan-rgyal-mtshan, Dpal-tshogs, et al.,</subfield>
    <subfield code="c">1968]</subfield>
  </datafield>
  <datafield tag="300" ind1=" " ind2=" ">
    <subfield code="a">53 [i.e. 106] p. ;</subfield>
    <subfield code="c">9 x 41 cm.</subfield>
  </datafield>
  <datafield tag="500" ind1=" " ind2=" ">
    <subfield code="a">In Tibetan.</subfield>
  </datafield>
  <datafield tag="505" ind1="2" ind2=" ">
    <subfield code="a">Thugs-rje-chen-po Bcu-gcig-źal gyi bla ma brgyud pa la gsol ʾdebs pa Brgyud paʾi byin rlabs ʾdren paʾi śiṅ rta / Tshul-khrims-rin-chen -- two smon lams by Rgyal-sras Thogs-med -- par byaṅ smon lam by Blo-gros-bzaṅ-pos bṙiṡ]</subfield>
  </datafield>
  <datafield tag="650" ind1=" " ind2="0">
    <subfield code="a">Avalokiteśvara (Buddhist deity)</subfield>
    <subfield code="x">Cult</subfield>
    <subfield code="z">China</subfield>
    <subfield code="z">Tibet Autonomous Region.</subfield>
  </datafield>
  <datafield tag="650" ind1=" " ind2="0">
    <subfield code="a">Smyuṅ gnas (Tibetan ritual)</subfield>
  </datafield>
  <datafield tag="650" ind1=" " ind2="0">
    <subfield code="a">Sa-skya-pa (Sect)</subfield>
    <subfield code="x">Rituals.</subfield>
  </datafield>
  <datafield tag="650" ind1=" " ind2="0">
    <subfield code="a">Tibetan language</subfield>
    <subfield code="x">Texts.</subfield>
  </datafield>
  <datafield tag="700" ind1="0" ind2=" ">
    <subfield code="a">Mkhyen-brtseʾi-dbaṅ-po,</subfield>
    <subfield code="c">ʾJam-dbyaṅs,</subfield>
    <subfield code="d">1820-1892.</subfield>
  </datafield>
  <datafield tag="700" ind1="0" ind2=" ">
    <subfield code="a">Rgyal-sras Thogs-med Bzaṅ-po-dpal,</subfield>
    <subfield code="d">1295-1369.</subfield>
  </datafield>
</record>