

<record xmlns="http://www.loc.gov/MARC21/slim"
xmlns:xsi="http://www.w3.org/2001/XMLSchema-instance"
xsi:schemaLocation="http://www.loc.gov/MARC21/slim
http://www.loc.gov/standards/marcxml/schema/MARC21slim.xsd">
  <leader>02395cjm a2200349   4500</leader>
  <controlfield tag="001">007453589-7</controlfield>
  <controlfield tag="005">20020606163548.3</controlfield>
  <controlfield tag="008">970411q19701979gw zz    ghik    0  tib d</controlfield>
  <datafield tag="028" ind1="0" ind2="2">
    <subfield code="a">BM 30 L 2009</subfield>
    <subfield code="b">Musicaphon</subfield>
  </datafield>
  <datafield tag="028" ind1="0" ind2="2">
    <subfield code="a">BM 30 L 2009</subfield>
    <subfield code="b">Bärenreiter Musicaphon</subfield>
  </datafield>
  <datafield tag="033" ind1=" " ind2=" ">
    <subfield code="b">7980</subfield>
  </datafield>
  <datafield tag="035" ind1="0" ind2=" ">
    <subfield code="a">ocm23116212</subfield>
  </datafield>
  <datafield tag="035" ind1="1" ind2=" ">
    <subfield code="a">MAHS97R517</subfield>
  </datafield>
  <datafield tag="040" ind1=" " ind2=" ">
    <subfield code="a">CSt</subfield>
    <subfield code="c">CSt</subfield>
    <subfield code="d">RPB</subfield>
    <subfield code="d">RPB</subfield>
    <subfield code="d">MH-Mu</subfield>
  </datafield>
  <datafield tag="041" ind1="0" ind2=" ">
    <subfield code="d">santib</subfield>
    <subfield code="g">engfreger</subfield>
    <subfield code="h">fre</subfield>
  </datafield>
  <datafield tag="043" ind1=" " ind2=" ">
    <subfield code="a">a-cc-ti</subfield>
  </datafield>
  <datafield tag="245" ind1="0" ind2="4">
    <subfield code="a">The music of Tibetan Buddhism.</subfield>
    <subfield code="n">Record 1</subfield>
    <subfield code="h">[sound recording] :</subfield>
    <subfield code="b">the Nyingmapa sect and the Kagyupa sect.</subfield>
  </datafield>
  <datafield tag="246" ind1="3" ind2=" ">
    <subfield code="a">Nyingmapa sect and the Kagyupa sect</subfield>
  </datafield>
  <datafield tag="246" ind1="1" ind2="3">
    <subfield code="i">Title on container:</subfield>
    <subfield code="a">Tibet I</subfield>
  </datafield>
  <datafield tag="260" ind1=" " ind2=" ">
    <subfield code="a">Kassel :</subfield>
    <subfield code="b">Bärenreiter Musicaphon,</subfield>
    <subfield code="c">[197-?]</subfield>
  </datafield>
  <datafield tag="300" ind1=" " ind2=" ">
    <subfield code="a">1 sound disc (47 min.) :</subfield>
    <subfield code="b">33 1/3 rpm, mono. ;</subfield>
    <subfield code="c">12 in.</subfield>
  </datafield>
  <datafield tag="440" ind1=" " ind2="0">
    <subfield code="a">Unesco collection</subfield>
  </datafield>
  <datafield tag="440" ind1=" " ind2="0">
    <subfield code="a">Musical anthology of the Orient ;</subfield>
    <subfield code="v">9</subfield>
  </datafield>
  <datafield tag="500" ind1=" " ind2=" ">
    <subfield code="a">&quot;Edited for the International Music Council by the International Institute for Comparative Music Studies and Documentation.&quot;--Container.</subfield>
  </datafield>
  <datafield tag="500" ind1=" " ind2=" ">
    <subfield code="a">Historical, technical and descriptive notes by Daniélou in French with English and German translations ([12] p. : ill.) bound in container.</subfield>
  </datafield>
  <datafield tag="505" ind1="0" ind2=" ">
    <subfield code="a">The Nyingmapa sect. Chant asking the blessing of the Guru Drakmar. -- The Nyingmapa sect. Instruments of the monastery orchestra. Two shawms (rGyaling) ; Two long trumpets (dung) ; Two shell-trumpets made from conches (dung-dkar) ; Two short horns (rKang-ling) ; Hand-bell (drilbu) and hand-drum (damaru) ; Cymbals (rolmo) ; Cymbals (silnyen) ; Pole-drum (rGna) ; Ritual (for attaining the qualities of) spiritual adepts. -- The Kagyupa Sect. Religious preaching (of the Lord Buddha) date the fifteenth (day of the fourth Tibetan month) ; Morning music for shawms and trumpets ; Evening music for shawms and trumpets ; Prayer.</subfield>
  </datafield>
  <datafield tag="511" ind1="0" ind2=" ">
    <subfield code="a">Monks of the Entchi Monastery, Gangtok, Sikkim (Nyingmapa Sect) (nos. 1-10) ; monks (Tibetan) of the Monastery, Rumtek, Sikkim (Kagyupa Sect) (nos. 12a-b and 13a-b) ; monks (Tibetan) of the Monastery, Rumtek, Sikkim, with members of the (Tibetan) lay community (Kagyupa Sect) (nos. 11a-b) ; monks of the Sgang-Ngon Monastery, Pʾhiuyang, Ladak (Kagyupa Sect) (no. 14).</subfield>
  </datafield>
  <datafield tag="518" ind1=" " ind2=" ">
    <subfield code="a">Recorded May 26-June 14, 1961 in Tibet by Alain Daniélou.</subfield>
  </datafield>
  <datafield tag="650" ind1=" " ind2="0">
    <subfield code="a">Music</subfield>
    <subfield code="z">China</subfield>
    <subfield code="z">Tibet Autonomous Region.</subfield>
  </datafield>
  <datafield tag="650" ind1=" " ind2="0">
    <subfield code="a">Buddhist music</subfield>
    <subfield code="z">China</subfield>
    <subfield code="z">Tibet Autonomous Region.</subfield>
  </datafield>
  <datafield tag="700" ind1="1" ind2=" ">
    <subfield code="a">Daniélou, Alain.</subfield>
  </datafield>
</record>