

<record xmlns="http://www.loc.gov/MARC21/slim"
xmlns:xsi="http://www.w3.org/2001/XMLSchema-instance"
xsi:schemaLocation="http://www.loc.gov/MARC21/slim
http://www.loc.gov/standards/marcxml/schema/MARC21slim.xsd">
  <leader>02044njm a2200361 a 4500</leader>
  <controlfield tag="001">007492782-5</controlfield>
  <controlfield tag="005">20020606104010.5</controlfield>
  <controlfield tag="008">970729s1996    fr mu    abik       tib d</controlfield>
  <datafield tag="024" ind1="1" ind2=" ">
    <subfield code="a">9488136032</subfield>
  </datafield>
  <datafield tag="028" ind1="2" ind2="2">
    <subfield code="b">Ocora/Radio France</subfield>
    <subfield code="a">C 560101</subfield>
  </datafield>
  <datafield tag="033" ind1="0" ind2="0">
    <subfield code="a">199508--</subfield>
  </datafield>
  <datafield tag="035" ind1="0" ind2=" ">
    <subfield code="a">ocm36874257</subfield>
  </datafield>
  <datafield tag="035" ind1="1" ind2=" ">
    <subfield code="a">MAHS97R1129</subfield>
  </datafield>
  <datafield tag="035" ind1="1" ind2=" ">
    <subfield code="z">CUBGGLAD84434091</subfield>
  </datafield>
  <datafield tag="040" ind1=" " ind2=" ">
    <subfield code="a">WU</subfield>
    <subfield code="c">WU</subfield>
    <subfield code="d">CU</subfield>
    <subfield code="d">CStRLIN</subfield>
    <subfield code="d">MH-Mu</subfield>
  </datafield>
  <datafield tag="041" ind1="0" ind2=" ">
    <subfield code="d">tib</subfield>
    <subfield code="g">engfreger</subfield>
  </datafield>
  <datafield tag="043" ind1=" " ind2=" ">
    <subfield code="a">a-cc-ti</subfield>
  </datafield>
  <datafield tag="047" ind1=" " ind2=" ">
    <subfield code="a">cb</subfield>
    <subfield code="a">zz</subfield>
  </datafield>
  <datafield tag="245" ind1="0" ind2="0">
    <subfield code="a">Amdo</subfield>
    <subfield code="h">[sound recording] :</subfield>
    <subfield code="b">monastère tibétain de Labrang.</subfield>
  </datafield>
  <datafield tag="246" ind1="3" ind2="0">
    <subfield code="a">Monastère tibétain de Labrang</subfield>
  </datafield>
  <datafield tag="246" ind1="1" ind2=" ">
    <subfield code="i">Parallel subtitle on container:</subfield>
    <subfield code="a">Tibetan monastery of Labrang</subfield>
  </datafield>
  <datafield tag="260" ind1=" " ind2=" ">
    <subfield code="a">Paris :</subfield>
    <subfield code="b">Ocora/Radio France :</subfield>
    <subfield code="b">Distribution, Harmonia Mundi,</subfield>
    <subfield code="c">p1996.</subfield>
  </datafield>
  <datafield tag="300" ind1=" " ind2=" ">
    <subfield code="a">1 sound disc :</subfield>
    <subfield code="b">digital, stereo. ;</subfield>
    <subfield code="c">4 3/4 in.</subfield>
  </datafield>
  <datafield tag="500" ind1=" " ind2=" ">
    <subfield code="a">Buddhist chants, ritual and ceremonial music, and theater music.</subfield>
  </datafield>
  <datafield tag="518" ind1=" " ind2=" ">
    <subfield code="a">Recorded Aug. 1995 by Tian Qing and Tian Miao at the Labrang Monastery at Xiahe, Gansu.</subfield>
  </datafield>
  <datafield tag="500" ind1=" " ind2=" ">
    <subfield code="a">Technical and historical notes by Tian Qing in French, English, and German, including discography, and bibliography (20 p. : ill.), in container.</subfield>
  </datafield>
  <datafield tag="505" ind1="0" ind2=" ">
    <subfield code="a">Conques dung-dkar et trompes dung-chen (5:26) -- sKyags-&apos;gro sems-bskyed (:57) -- dPal-ldan sku bzhi-ma (2:22) -- rGyal-ba ma-lus-ma (2:48) -- rJe-btsun bla-ma (:19) -- Chos-can rGyal-po Tsong-kha-pa (:38) -- mDo-dar grub-chen brgyad-bcu (3:48) -- Bayar (4:12) -- Cang-spos (5:02) -- bLa-ma gdan-&apos;dren (4:24) -- Sri-hi (4:19) -- dGa-&apos;ldan khang-gser : tirée de Songtsengampo (3:25) -- bLa-ma mkhyen (3:12) -- Ri-bo gser-can ka-la ya-&apos;gro (2:22) -- E-ma ri-khrod : extrait de Milarepa (2:07) -- Lha-can &apos;dzug-bstan Thugs-la rje-Ga (1:49) -- mTha-yas las-can : extrait de Da-ba-dan-bu (3:43) -- Bri-sang-ro Tshe-ris mtsho-mo (2:01) -- bLa-ma mchog-gsum-ma (5:58) -- Conque (:57).</subfield>
  </datafield>
  <datafield tag="650" ind1=" " ind2="0">
    <subfield code="a">Buddhist chants.</subfield>
  </datafield>
  <datafield tag="650" ind1=" " ind2="0">
    <subfield code="a">Buddhist music</subfield>
    <subfield code="z">China</subfield>
    <subfield code="z">Tibet Autonomous Region.</subfield>
  </datafield>
  <datafield tag="650" ind1=" " ind2="0">
    <subfield code="a">Rites and ceremonies</subfield>
    <subfield code="z">China</subfield>
    <subfield code="z">Tibet Autonomous Region.</subfield>
  </datafield>
  <datafield tag="650" ind1=" " ind2="0">
    <subfield code="a">Music</subfield>
    <subfield code="z">China</subfield>
    <subfield code="z">Tibet Autonomous Region.</subfield>
  </datafield>
</record>