

<record xmlns="http://www.loc.gov/MARC21/slim"
xmlns:xsi="http://www.w3.org/2001/XMLSchema-instance"
xsi:schemaLocation="http://www.loc.gov/MARC21/slim
http://www.loc.gov/standards/marcxml/schema/MARC21slim.xsd">
  <leader>01056nam a2200289Ii 4500</leader>
  <controlfield tag="001">007593374-8</controlfield>
  <controlfield tag="005">20020606104010.5</controlfield>
  <controlfield tag="008">780905s1964    ii            000 0btibrd</controlfield>
  <datafield tag="035" ind1="0" ind2=" ">
    <subfield code="a">ocm04198965</subfield>
  </datafield>
  <datafield tag="040" ind1=" " ind2=" ">
    <subfield code="a">IUL</subfield>
    <subfield code="c">IUL</subfield>
    <subfield code="d">HLS</subfield>
  </datafield>
  <datafield tag="043" ind1=" " ind2=" ">
    <subfield code="a">a-cc-ti</subfield>
  </datafield>
  <datafield tag="045" ind1=" " ind2=" ">
    <subfield code="a">p-p-</subfield>
  </datafield>
  <datafield tag="090" ind1=" " ind2=" ">
    <subfield code="a">BQ946.E5</subfield>
    <subfield code="b">Y4 1964</subfield>
  </datafield>
  <datafield tag="100" ind1="0" ind2=" ">
    <subfield code="a">Ye-śes-seṅ-ge,</subfield>
    <subfield code="c">Rwa,</subfield>
    <subfield code="d">12th century.</subfield>
  </datafield>
  <datafield tag="245" ind1="1" ind2="0">
    <subfield code="a">Mthu stobs dbaṅ phyug rje btsun Rwa Lo-tsā-baʾi rnam thar kun khyab sñan paʾi rṅa sgra</subfield>
    <subfield code="b">źes bya ba bźugs so /</subfield>
    <subfield code="c">mdzod pa lo Rwa Ye-śes-seṅ-ge ; dpar gsar tu ʾdebs pa po Sog-po Tā Bla-ma Rnam-rgyal-rdo-rje.</subfield>
  </datafield>
  <datafield tag="246" ind1="3" ind2=" ">
    <subfield code="a">Biography of Rva Lotsava.</subfield>
  </datafield>
  <datafield tag="260" ind1=" " ind2=" ">
    <subfield code="a">Dhi-li :</subfield>
    <subfield code="b">Rnam-rgyal-rdo-rje,</subfield>
    <subfield code="c">[1964?]</subfield>
  </datafield>
  <datafield tag="300" ind1=" " ind2=" ">
    <subfield code="a">376 p. ;</subfield>
    <subfield code="c">25 cm.</subfield>
  </datafield>
  <datafield tag="500" ind1=" " ind2=" ">
    <subfield code="a">In Tibetan.</subfield>
  </datafield>
  <datafield tag="500" ind1=" " ind2=" ">
    <subfield code="a">Cover title: Biography of Rva Lotsava.</subfield>
  </datafield>
  <datafield tag="600" ind1="0" ind2="0">
    <subfield code="a">Chen-po Rdo-rje-grags, Rwa Lo-tsá-ba,</subfield>
    <subfield code="d">12th century.</subfield>
  </datafield>
  <datafield tag="650" ind1=" " ind2="0">
    <subfield code="a">Translators, Tibetan</subfield>
    <subfield code="v">Biography.</subfield>
  </datafield>
  <datafield tag="650" ind1=" " ind2="0">
    <subfield code="a">Tibetan language</subfield>
    <subfield code="x">Texts.</subfield>
  </datafield>
  <datafield tag="700" ind1="0" ind2=" ">
    <subfield code="a">Rnam-rgyal-rdo-rje,</subfield>
    <subfield code="c">Sog-po Tā Bla-ma.</subfield>
  </datafield>
</record>