

<record xmlns="http://www.loc.gov/MARC21/slim"
xmlns:xsi="http://www.w3.org/2001/XMLSchema-instance"
xsi:schemaLocation="http://www.loc.gov/MARC21/slim
http://www.loc.gov/standards/marcxml/schema/MARC21slim.xsd">
  <leader>01278nam a2200253I  4500</leader>
  <controlfield tag="001">007593396-9</controlfield>
  <controlfield tag="005">20020606104010.5</controlfield>
  <controlfield tag="008">821013q19601965xx            000 0 tibod</controlfield>
  <datafield tag="035" ind1="0" ind2=" ">
    <subfield code="a">ocm08857404</subfield>
  </datafield>
  <datafield tag="040" ind1=" " ind2=" ">
    <subfield code="a">IUL</subfield>
    <subfield code="c">IUL</subfield>
    <subfield code="d">HLS</subfield>
  </datafield>
  <datafield tag="043" ind1=" " ind2=" ">
    <subfield code="a">a-cc-ti</subfield>
  </datafield>
  <datafield tag="090" ind1=" " ind2=" ">
    <subfield code="a">BQ7982.3</subfield>
    <subfield code="b">.Z36 1960z</subfield>
  </datafield>
  <datafield tag="130" ind1="0" ind2=" ">
    <subfield code="a">Źaṅ-źuṅ sñan rgyud.</subfield>
    <subfield code="k">Selections</subfield>
  </datafield>
  <datafield tag="245" ind1="1" ind2="0">
    <subfield code="a">Sñan brgyud gyi sṅon ʾgroʾi rim pa rnams bźugs pa lags so.</subfield>
  </datafield>
  <datafield tag="246" ind1="1" ind2="4">
    <subfield code="a">Źaṅa źuṅa sñana Bargaruda</subfield>
  </datafield>
  <datafield tag="260" ind1=" " ind2=" ">
    <subfield code="a">[S.l. :</subfield>
    <subfield code="b">Bsod-nams-rgyal-mtshan,</subfield>
    <subfield code="c">196-]</subfield>
  </datafield>
  <datafield tag="300" ind1=" " ind2=" ">
    <subfield code="a">228, [2] p. ;</subfield>
    <subfield code="c">8 x 36 cm.</subfield>
  </datafield>
  <datafield tag="500" ind1=" " ind2=" ">
    <subfield code="a">In cursive Tibetan.</subfield>
  </datafield>
  <datafield tag="500" ind1=" " ind2=" ">
    <subfield code="a">Title from first text in collection.</subfield>
  </datafield>
  <datafield tag="505" ind1="0" ind2=" ">
    <subfield code="a">Sñan brgyud kyi sṅon ʾgroʾi rim pa rnams -- Rdzogs pa chen po Źaṅ-źuṅ sñan brgyud kyi sṅon ʾgro gsol ʾdebs -- Zab mo gnas kyi gdams pa dṅos gźi -- Bźi raṅ ṅo sprad pa gcer mthoṅ lta baʾi khrid -- Lam ñams su len pa ʾod gsal bsgom paʾi khrid -- Rkyen lam du sloṅ ba rtsal sbyoṅ spyod paʾi khrid -- ʾBras bu raṅ sa bzuṅ ba sku gsum dmar thag bcad paʾi khrid -- ʾOd gsal gyi dmigs pa daṅ gags sel gyi skor -- Rdzogs pa chen po Źaṅ-źuṅ sñan brgyud las Gcig rgyud ʾod gsal bdun bskor -- Mkhas pa Li-śuʾi źal gdams.</subfield>
  </datafield>
  <datafield tag="650" ind1=" " ind2="0">
    <subfield code="a">Rdzogs-chen</subfield>
    <subfield code="x">Bon (Tibetan religion)</subfield>
  </datafield>
</record>