

<record xmlns="http://www.loc.gov/MARC21/slim"
xmlns:xsi="http://www.w3.org/2001/XMLSchema-instance"
xsi:schemaLocation="http://www.loc.gov/MARC21/slim
http://www.loc.gov/standards/marcxml/schema/MARC21slim.xsd">
  <leader>01651nam a2200289Ia 4500</leader>
  <controlfield tag="001">007593401-9</controlfield>
  <controlfield tag="005">20020606104010.5</controlfield>
  <controlfield tag="008">840305q19601969ii            000 0 tibod</controlfield>
  <datafield tag="035" ind1="0" ind2=" ">
    <subfield code="a">ocm10486186</subfield>
  </datafield>
  <datafield tag="040" ind1=" " ind2=" ">
    <subfield code="a">IUL</subfield>
    <subfield code="c">IUL</subfield>
    <subfield code="d">HLS</subfield>
  </datafield>
  <datafield tag="043" ind1=" " ind2=" ">
    <subfield code="a">a-cc-ti</subfield>
  </datafield>
  <datafield tag="090" ind1=" " ind2=" ">
    <subfield code="a">BQ4750.M354</subfield>
    <subfield code="b">T572 1960z</subfield>
  </datafield>
  <datafield tag="100" ind1="0" ind2=" ">
    <subfield code="a">Padma-dkar-po,</subfield>
    <subfield code="c">ʾBrug-chen IV,</subfield>
    <subfield code="d">1527-1592.</subfield>
  </datafield>
  <datafield tag="245" ind1="1" ind2="0">
    <subfield code="a">Bdud kyi g ýul las rab tu rgyal bar byed paʾi bsñen paʾi man ṅag bźugs so /</subfield>
    <subfield code="c">[Padma-dkar-po]</subfield>
  </datafield>
  <datafield tag="246" ind1="3" ind2=" ">
    <subfield code="a">Dpal Ye-śes-kyi-mgon-po sogs bstan sruṅ rnams kyi gtor chog.</subfield>
  </datafield>
  <datafield tag="260" ind1=" " ind2=" ">
    <subfield code="a">[S.n. :</subfield>
    <subfield code="b">Phun-gliṅ-gsuṅ-rab-ñams-gso-rgyun-spel Par-khaṅ,</subfield>
    <subfield code="c">196-]</subfield>
  </datafield>
  <datafield tag="300" ind1=" " ind2=" ">
    <subfield code="a">258 p. in various pagings ;</subfield>
    <subfield code="c">9 x 36 cm.</subfield>
  </datafield>
  <datafield tag="500" ind1=" " ind2=" ">
    <subfield code="a">In Tibetan.</subfield>
  </datafield>
  <datafield tag="505" ind1="0" ind2=" ">
    <subfield code="a">Dpal Nag-po-chen-poʾi bstod pa Rkaṅ pa brgyad pa / Nāgārjuna -- Dpal Ye-śes-kyi-mgon-poʾi bstod yig rñiṅ nas khol du phyuṅ ba -- Bdud kyi g ýul las rab tu rgyal bar byed paʾi dam can Rgya mtshoʾi mchod sprin / Padma-dkar-po -- Mgon-po Phyag-bźi-paʾi bskaṅ bśags / Padma-dkar-po -- Sku gsuṅ thugs sñiṅ poʾi dṅos grub sgrub paʾi cho ga / Padma-dkar-po -- Dpal Ye-śes-kyi-mgon-poʾi las mthaʾ bstan Dgra-ʾjom-paʾi spu gri / Padma-dkar-po -- Gtor ʾbul bsdus pa / Padma-dkar-po? -- Dpal Ye-śes-kyi-mgon-po sigs bstan sruṅ rnams kyi gtor chog / Don-brgyud-ñi-ma.</subfield>
  </datafield>
  <datafield tag="650" ind1=" " ind2="0">
    <subfield code="a">Mahākāla (Buddhist deity)</subfield>
    <subfield code="x">Cult</subfield>
    <subfield code="z">China</subfield>
    <subfield code="z">Tibet Autonomous Region.</subfield>
  </datafield>
  <datafield tag="650" ind1=" " ind2="0">
    <subfield code="a">ʾBrug-pa (Sect)</subfield>
    <subfield code="x">Rituals.</subfield>
  </datafield>
  <datafield tag="650" ind1=" " ind2="0">
    <subfield code="a">Gtor-ma (Buddhist rite)</subfield>
  </datafield>
  <datafield tag="650" ind1=" " ind2="0">
    <subfield code="a">Tibetan language</subfield>
    <subfield code="x">Texts.</subfield>
  </datafield>
  <datafield tag="700" ind1="0" ind2="2">
    <subfield code="a">Don-brgyud-ñi-ma,</subfield>
    <subfield code="c">Khams-sprul VIII,</subfield>
    <subfield code="d">1931-</subfield>
    <subfield code="t">Dpal Ye-śes-kyi-mgon-po sogs bstan sruṅ rnams kyi gtor chog.</subfield>
  </datafield>
</record>