

<record xmlns="http://www.loc.gov/MARC21/slim"
xmlns:xsi="http://www.w3.org/2001/XMLSchema-instance"
xsi:schemaLocation="http://www.loc.gov/MARC21/slim
http://www.loc.gov/standards/marcxml/schema/MARC21slim.xsd">
  <leader>01328nam a2200325Ia 4500</leader>
  <controlfield tag="001">007593402-7</controlfield>
  <controlfield tag="005">20090713014320.0</controlfield>
  <controlfield tag="008">840709q19601969ii            000 0 tibod</controlfield>
  <datafield tag="035" ind1="0" ind2=" ">
    <subfield code="a">ocm10926827</subfield>
  </datafield>
  <datafield tag="040" ind1=" " ind2=" ">
    <subfield code="a">IUL</subfield>
    <subfield code="c">IUL</subfield>
    <subfield code="d">HLS</subfield>
  </datafield>
  <datafield tag="043" ind1=" " ind2=" ">
    <subfield code="a">a-cc-ti</subfield>
  </datafield>
  <datafield tag="090" ind1=" " ind2=" ">
    <subfield code="a">BQ7699.G35</subfield>
    <subfield code="b">K27 1960z</subfield>
  </datafield>
  <datafield tag="100" ind1="0" ind2=" ">
    <subfield code="a">Karma-chags-med,</subfield>
    <subfield code="c">Gnas-mdo,</subfield>
    <subfield code="d">1610-1678.</subfield>
  </datafield>
  <datafield tag="245" ind1="1" ind2="0">
    <subfield code="a">Ma Lab-sgron la gsol ba ʾdebs paʾi mgur ma bźugs so /</subfield>
    <subfield code="c">[Ra-ga-a-syas spreṅs]</subfield>
  </datafield>
  <datafield tag="246" ind1="3" ind2=" ">
    <subfield code="a">Gcod kyi tshogs las Rin po cheʾi phreṅ ba.</subfield>
  </datafield>
  <datafield tag="246" ind1="3" ind2=" ">
    <subfield code="a">Gcod kyi lugs sor bźag.</subfield>
  </datafield>
  <datafield tag="260" ind1=" " ind2=" ">
    <subfield code="a">[S.l. :</subfield>
    <subfield code="b">s.n.,</subfield>
    <subfield code="c">196-]</subfield>
  </datafield>
  <datafield tag="500" ind1=" " ind2=" ">
    <subfield code="a">In Tibetan.</subfield>
  </datafield>
  <datafield tag="500" ind1=" " ind2=" ">
    <subfield code="a">With an afterword by Gcod-smyon Rdharmā-seṅge.</subfield>
  </datafield>
  <datafield tag="505" ind1="2" ind2=" ">
    <subfield code="a">Gcod yul brgyud paʾi gsol ʾdebs / ʾJam-dbyaṅs-grags-pa -- Pha brgyud thabs kyi brgyud pa la gsol ba ʾdebs / Raṅ-byuṅ-rdo-rje -- Gcod tshogs Rin po cheʾi phreṅ ba / Raṇ-byuṇ-rdo-rje and Karma-chags-med.</subfield>
  </datafield>
  <datafield tag="650" ind1=" " ind2="0">
    <subfield code="a">Tibetan language</subfield>
    <subfield code="v">Texts.</subfield>
  </datafield>
  <datafield tag="600" ind1="0" ind2="0">
    <subfield code="a">Ma-gcig Lab-kyi-sgron-ma</subfield>
    <subfield code="x">Prayers and devotions</subfield>
    <subfield code="x">Tibetan.</subfield>
  </datafield>
  <datafield tag="650" ind1=" " ind2="0">
    <subfield code="a">Gcod (Buddhist rite)</subfield>
  </datafield>
  <datafield tag="650" ind1=" " ind2="0">
    <subfield code="a">Gcod (Buddhist rite)</subfield>
    <subfield code="x">Bio-bibliography.</subfield>
  </datafield>
  <datafield tag="650" ind1=" " ind2="0">
    <subfield code="a">Kar-ma-pa (Sect)</subfield>
    <subfield code="x">Rituals.</subfield>
  </datafield>
  <datafield tag="700" ind1="0" ind2="2">
    <subfield code="a">Raṅ-buyṅ-rdo-rje,</subfield>
    <subfield code="c">Karma-pa III,</subfield>
    <subfield code="d">1284-1339.</subfield>
    <subfield code="t">Gcod kyi tshogs las Rin po cheʼi phreṅ ba.</subfield>
  </datafield>
  <datafield tag="700" ind1="0" ind2=" ">
    <subfield code="a">Khams-smyon Dharma-seṅge.</subfield>
  </datafield>
</record>