

<record xmlns="http://www.loc.gov/MARC21/slim"
xmlns:xsi="http://www.w3.org/2001/XMLSchema-instance"
xsi:schemaLocation="http://www.loc.gov/MARC21/slim
http://www.loc.gov/standards/marcxml/schema/MARC21slim.xsd">
  <leader>01361nam a2200337Ia 4500</leader>
  <controlfield tag="001">007593583-X</controlfield>
  <controlfield tag="005">20020606104010.5</controlfield>
  <controlfield tag="008">940421s1964    ii            000 0 tib d</controlfield>
  <datafield tag="035" ind1="0" ind2=" ">
    <subfield code="a">ocm30310165</subfield>
  </datafield>
  <datafield tag="035" ind1="0" ind2=" ">
    <subfield code="a">ocm30310165</subfield>
    <subfield code="z">ocm22281003</subfield>
  </datafield>
  <datafield tag="040" ind1=" " ind2=" ">
    <subfield code="a">GZM</subfield>
    <subfield code="c">GZM</subfield>
    <subfield code="d">HLS</subfield>
  </datafield>
  <datafield tag="041" ind1="1" ind2=" ">
    <subfield code="a">tib</subfield>
    <subfield code="h">san</subfield>
  </datafield>
  <datafield tag="043" ind1=" " ind2=" ">
    <subfield code="a">a-ii---</subfield>
    <subfield code="a">a-cc-ti</subfield>
  </datafield>
  <datafield tag="090" ind1=" " ind2=" ">
    <subfield code="a">GR305</subfield>
    <subfield code="b">.V48185 1964</subfield>
  </datafield>
  <datafield tag="130" ind1="0" ind2=" ">
    <subfield code="a">Vetālapañcaviṃśati.</subfield>
    <subfield code="s">Tibetan version (Ro sgruṅ).</subfield>
    <subfield code="p">Bram zeʾi khyeʾu rgyal por gyur pa&apos;i leʾu.</subfield>
  </datafield>
  <datafield tag="245" ind1="1" ind2="0">
    <subfield code="a">Slob dpon Klu sgrub daṅ Rgyal bu Bde byed bzaṅ pos mdzad pa&apos;i Ro dṅos grub can gyi sgruṅ Ṅo mtshar rmad byuṅ źes bya ba bźugs so =</subfield>
    <subfield code="b">The story of corpse = Vetāla kī kahānī /</subfield>
    <subfield code="c">by Acharya Nagarjun and Kumar Shankar.</subfield>
  </datafield>
  <datafield tag="246" ind1="3" ind2=" ">
    <subfield code="a">Ro dṅos grub can gyi sgruṅ.</subfield>
  </datafield>
  <datafield tag="246" ind1="3" ind2=" ">
    <subfield code="a">Ṅo mtshar rmad byuṅ.</subfield>
  </datafield>
  <datafield tag="246" ind1="3" ind2=" ">
    <subfield code="a">Story of corpse.</subfield>
  </datafield>
  <datafield tag="246" ind1="3" ind2=" ">
    <subfield code="a">Vetāla kī kahānī.</subfield>
  </datafield>
  <datafield tag="260" ind1=" " ind2=" ">
    <subfield code="a">Kalimpong :</subfield>
    <subfield code="b">G. Tharchin,</subfield>
    <subfield code="c">1964.</subfield>
  </datafield>
  <datafield tag="300" ind1=" " ind2=" ">
    <subfield code="a">112 p., [1] folded leaf ;</subfield>
    <subfield code="c">19 cm.</subfield>
  </datafield>
  <datafield tag="500" ind1=" " ind2=" ">
    <subfield code="a">Authorship uncertain.</subfield>
  </datafield>
  <datafield tag="520" ind1=" " ind2=" ">
    <subfield code="a">In Tibetan; contains chapter 13 of the Vetālapañcaviṃśati, Bram zeʾi khyeʾu rgyal por gyur pa&apos;i leʾu.</subfield>
  </datafield>
  <datafield tag="650" ind1=" " ind2="0">
    <subfield code="a">Tales</subfield>
    <subfield code="z">India.</subfield>
  </datafield>
  <datafield tag="650" ind1=" " ind2="0">
    <subfield code="a">Tales</subfield>
    <subfield code="z">China</subfield>
    <subfield code="z">Tibet Autonomous Region.</subfield>
  </datafield>
  <datafield tag="700" ind1="0" ind2="2">
    <subfield code="a">Nāgārjuna,</subfield>
    <subfield code="c">Siddha.</subfield>
    <subfield code="t">Vetālapañcaviṃśati.</subfield>
    <subfield code="l">Tibetan.</subfield>
    <subfield code="f">1964.</subfield>
  </datafield>
  <datafield tag="700" ind1="0" ind2=" ">
    <subfield code="a">Kumar Shankar.</subfield>
  </datafield>
  <datafield tag="700" ind1="0" ind2=" ">
    <subfield code="a">Rgyal bu Bde byed bza ̇po.</subfield>
  </datafield>
</record>