

<record xmlns="http://www.loc.gov/MARC21/slim"
xmlns:xsi="http://www.w3.org/2001/XMLSchema-instance"
xsi:schemaLocation="http://www.loc.gov/MARC21/slim
http://www.loc.gov/standards/marcxml/schema/MARC21slim.xsd">
  <leader>01965cjm a2200385Ia 4500</leader>
  <controlfield tag="001">007610613-6</controlfield>
  <controlfield tag="005">20020606104010.5</controlfield>
  <controlfield tag="008">980112p19971996xx mun   dfik       tib d</controlfield>
  <datafield tag="024" ind1="1" ind2=" ">
    <subfield code="a">0630190642</subfield>
  </datafield>
  <datafield tag="028" ind1="0" ind2="1">
    <subfield code="a">0630-19064-2</subfield>
    <subfield code="b">Detour</subfield>
  </datafield>
  <datafield tag="033" ind1="2" ind2="0">
    <subfield code="a">19961123</subfield>
    <subfield code="a">19961125</subfield>
    <subfield code="b">4360</subfield>
  </datafield>
  <datafield tag="035" ind1="0" ind2=" ">
    <subfield code="a">ocm38186008</subfield>
  </datafield>
  <datafield tag="040" ind1=" " ind2=" ">
    <subfield code="a">SNN</subfield>
    <subfield code="c">SNN</subfield>
    <subfield code="d">NPC</subfield>
    <subfield code="d">HMU</subfield>
  </datafield>
  <datafield tag="041" ind1="0" ind2=" ">
    <subfield code="d">tib</subfield>
    <subfield code="e">engfreger</subfield>
    <subfield code="h">tib</subfield>
    <subfield code="g">engfreger</subfield>
    <subfield code="h">ger</subfield>
  </datafield>
  <datafield tag="043" ind1=" " ind2=" ">
    <subfield code="a">a-cc-ti</subfield>
  </datafield>
  <datafield tag="047" ind1=" " ind2=" ">
    <subfield code="a">fm</subfield>
    <subfield code="a">cb</subfield>
  </datafield>
  <datafield tag="110" ind1="2" ind2=" ">
    <subfield code="a">Tibetan Institute of Performing Arts (Dharmsāla, India).</subfield>
    <subfield code="4">prf</subfield>
  </datafield>
  <datafield tag="245" ind1="1" ind2="0">
    <subfield code="a">Brda ma su sna</subfield>
    <subfield code="h">[sound recording] =</subfield>
    <subfield code="b">Dhama suna /</subfield>
    <subfield code="c">Tibetan Institute of Performing Arts.</subfield>
  </datafield>
  <datafield tag="246" ind1="3" ind2=" ">
    <subfield code="a">Dhama suna</subfield>
  </datafield>
  <datafield tag="260" ind1=" " ind2=" ">
    <subfield code="a">[S.l.] :</subfield>
    <subfield code="b">Detour ;</subfield>
    <subfield code="a">Paris :</subfield>
    <subfield code="b">Erato,</subfield>
    <subfield code="c">p1997.</subfield>
  </datafield>
  <datafield tag="300" ind1=" " ind2=" ">
    <subfield code="a">1 sound disc (72 min.) :</subfield>
    <subfield code="b">digital ;</subfield>
    <subfield code="c">4 3/4 in.</subfield>
  </datafield>
  <datafield tag="500" ind1=" " ind2=" ">
    <subfield code="a">Tibetan folk music and chants.</subfield>
  </datafield>
  <datafield tag="500" ind1=" " ind2=" ">
    <subfield code="a">The 3rd and 17th tracks instrumental.</subfield>
  </datafield>
  <datafield tag="500" ind1=" " ind2=" ">
    <subfield code="a">Compact disc.</subfield>
  </datafield>
  <datafield tag="500" ind1=" " ind2=" ">
    <subfield code="a">Notes by Daniel A. Scheidegger in German, with English and French translations, and translations of vocal texts in English, French and German ([24] p. : ill.) inserted in container.</subfield>
  </datafield>
  <datafield tag="505" ind1="0" ind2=" ">
    <subfield code="a">Gyalü nam-thar (1:22) -- Yar-lung tin-sang (4:52) -- Dhama suna (2:00) -- Yamantaka (4:53) -- Nang-ma zom-pa nam-sum (3:16) -- Kha-rag ri (2:28) -- Dra-nyen Shab-dro (3;27) -- Kham-lu (2:14) -- Nang-sä nam-thar (6:15) -- Mahakala (5:50) -- Bha-shey kel-sang la (4:40) -- Nyu-tra le-mo (2:48) -- Dra-dhül nyen-kyong (3:57) -- Pho-trang mar-po (4:00) -- Ser-tri nga-söl (4:48) -- Phel-den La-mo (5:26) -- Nang-ma ta-la shi-pa (2:50) -- Tsong-pen nor-sang (4:40) -- Sang-mö döl-pä nam-thar (1:09)</subfield>
  </datafield>
  <datafield tag="511" ind1="0" ind2=" ">
    <subfield code="a">Tibetan Institute of Performing Arts ; Gyütö Monks (tracks 4, 10, 16)</subfield>
  </datafield>
  <datafield tag="518" ind1=" " ind2=" ">
    <subfield code="a">Recorded Nov. 23-25, 1996, Skywalker Studios, CA.</subfield>
  </datafield>
  <datafield tag="650" ind1=" " ind2="0">
    <subfield code="a">Folk songs, Tibetan.</subfield>
  </datafield>
  <datafield tag="650" ind1=" " ind2="0">
    <subfield code="a">Folk music</subfield>
    <subfield code="z">China</subfield>
    <subfield code="z">Tibet Autonomous Region.</subfield>
  </datafield>
  <datafield tag="650" ind1=" " ind2="0">
    <subfield code="a">Music</subfield>
    <subfield code="z">China</subfield>
    <subfield code="z">Tibet Autonomous Region.</subfield>
  </datafield>
  <datafield tag="650" ind1=" " ind2="0">
    <subfield code="a">Buddhist chants.</subfield>
  </datafield>
  <datafield tag="710" ind1="2" ind2=" ">
    <subfield code="a">Gyuto Monks.</subfield>
    <subfield code="4">prf</subfield>
  </datafield>
</record>