

<record xmlns="http://www.loc.gov/MARC21/slim"
xmlns:xsi="http://www.w3.org/2001/XMLSchema-instance"
xsi:schemaLocation="http://www.loc.gov/MARC21/slim
http://www.loc.gov/standards/marcxml/schema/MARC21slim.xsd">
  <leader>01074nam a2200265 a 4500</leader>
  <controlfield tag="001">007698361-7</controlfield>
  <controlfield tag="005">20020606104010.5</controlfield>
  <controlfield tag="008">980206s1997    ja a     b    000|0 tib d</controlfield>
  <datafield tag="020" ind1=" " ind2=" ">
    <subfield code="a">4896566122</subfield>
  </datafield>
  <datafield tag="035" ind1="0" ind2=" ">
    <subfield code="a">ocm38564989</subfield>
  </datafield>
  <datafield tag="041" ind1="0" ind2=" ">
    <subfield code="a">tibeng</subfield>
  </datafield>
  <datafield tag="050" ind1="0" ind2="0">
    <subfield code="a">BQ7980.2</subfield>
    <subfield code="b">.R49 1997</subfield>
  </datafield>
  <datafield tag="100" ind1="0" ind2=" ">
    <subfield code="a">Rgyal-mtshan-dpal,</subfield>
    <subfield code="c">Tre-ston.</subfield>
  </datafield>
  <datafield tag="245" ind1="1" ind2="0">
    <subfield code="a">Bon sgo gsal byed :</subfield>
    <subfield code="b">two Tibetan manuscripts in facsimile edition of a fourteenth century encyclopedia of Bon po doxography /</subfield>
    <subfield code="c">presented by Katsumi Mimaki and Samten Karmay.</subfield>
  </datafield>
  <datafield tag="260" ind1=" " ind2=" ">
    <subfield code="a">Tokyo, Japan :</subfield>
    <subfield code="b">The Centre for East Asian Cultural Studies for Unesco, The Toyo Bunko,</subfield>
    <subfield code="c">1997.</subfield>
  </datafield>
  <datafield tag="300" ind1=" " ind2=" ">
    <subfield code="a">xvi, 108 p. ;</subfield>
    <subfield code="b">ill. ;</subfield>
    <subfield code="c">30 cm.</subfield>
  </datafield>
  <datafield tag="440" ind1=" " ind2="0">
    <subfield code="a">Bibliotheca codicum Asiaticorum ;</subfield>
    <subfield code="v">13</subfield>
  </datafield>
  <datafield tag="500" ind1=" " ind2=" ">
    <subfield code="a">Author of the treatise on Bon po doxography: Tre ston rGyal mtshan dpal.</subfield>
  </datafield>
  <datafield tag="546" ind1=" " ind2=" ">
    <subfield code="a">In Tibetan; prefatory material in English.</subfield>
  </datafield>
  <datafield tag="504" ind1=" " ind2=" ">
    <subfield code="a">Includes bibliographical references.</subfield>
  </datafield>
  <datafield tag="650" ind1=" " ind2="0">
    <subfield code="a">Manuscripts, Tibetan</subfield>
    <subfield code="v">Facsimiles.</subfield>
  </datafield>
  <datafield tag="650" ind1=" " ind2="0">
    <subfield code="a">Bon (Tibetan religion)</subfield>
    <subfield code="x">Doctrines.</subfield>
  </datafield>
  <datafield tag="700" ind1="1" ind2=" ">
    <subfield code="a">Mimaki, Katsumi,</subfield>
    <subfield code="d">1947-</subfield>
  </datafield>
  <datafield tag="700" ind1="1" ind2=" ">
    <subfield code="a">Karmay, Samten Gyaltsen.</subfield>
  </datafield>
</record>