

<record xmlns="http://www.loc.gov/MARC21/slim"
xmlns:xsi="http://www.w3.org/2001/XMLSchema-instance"
xsi:schemaLocation="http://www.loc.gov/MARC21/slim
http://www.loc.gov/standards/marcxml/schema/MARC21slim.xsd">
  <leader>00446nas a22001575u 4500</leader>
  <controlfield tag="001">007825944-4</controlfield>
  <controlfield tag="005">20020606104010.5</controlfield>
  <controlfield tag="008">980626c19uu9999ii || |||    |||||||tib|d</controlfield>
  <datafield tag="245" ind1="0" ind2="0">
    <subfield code="a">Bod kyi pho na =</subfield>
    <subfield code="b">Tibetan envoy.</subfield>
  </datafield>
  <datafield tag="246" ind1="1" ind2="1">
    <subfield code="a">Tibetan envoy</subfield>
  </datafield>
  <datafield tag="260" ind1=" " ind2=" ">
    <subfield code="a">Dharamsala, Himachal Pradesh, India :</subfield>
    <subfield code="b">The Gu-Chu-Sum Movement of Tibet,</subfield>
  </datafield>
  <datafield tag="710" ind1="2" ind2=" ">
    <subfield code="a">Gu-Chu-Sum Movement of Tibet.</subfield>
  </datafield>
</record>