

<record xmlns="http://www.loc.gov/MARC21/slim"
xmlns:xsi="http://www.w3.org/2001/XMLSchema-instance"
xsi:schemaLocation="http://www.loc.gov/MARC21/slim
http://www.loc.gov/standards/marcxml/schema/MARC21slim.xsd">
  <leader>01794njm a2200301 a 4500</leader>
  <controlfield tag="001">007884085-6</controlfield>
  <controlfield tag="005">20020606104010.5</controlfield>
  <controlfield tag="008">980909s1967||||ch sgnn          |  tib d</controlfield>
  <datafield tag="028" ind1="0" ind2="2">
    <subfield code="b">Zhongguo Chang Pian Chang</subfield>
    <subfield code="a">M-799</subfield>
  </datafield>
  <datafield tag="028" ind1="0" ind2="2">
    <subfield code="b">China Record Company</subfield>
    <subfield code="a">M-799</subfield>
  </datafield>
  <datafield tag="035" ind1="0" ind2=" ">
    <subfield code="a">ocm43307669</subfield>
  </datafield>
  <datafield tag="040" ind1=" " ind2=" ">
    <subfield code="a">MH-Mu</subfield>
    <subfield code="c">MH-Mu</subfield>
  </datafield>
  <datafield tag="245" ind1="1" ind2="0">
    <subfield code="a">Jie bai de ha da xian gei Mao zhuxi</subfield>
    <subfield code="h">sound recording =</subfield>
    <subfield code="b">A pure and white hata for Chairman Mao.</subfield>
  </datafield>
  <datafield tag="246" ind1="3" ind2=" ">
    <subfield code="a">Pure and white hata for Chairman Mao</subfield>
  </datafield>
  <datafield tag="260" ind1=" " ind2=" ">
    <subfield code="a">Peking :</subfield>
    <subfield code="b">China Record Company,</subfield>
    <subfield code="c">p1967.</subfield>
  </datafield>
  <datafield tag="300" ind1=" " ind2=" ">
    <subfield code="a">1 sound recording :</subfield>
    <subfield code="b">analog, 33 1/3 rpm ;</subfield>
    <subfield code="c">10 in.</subfield>
  </datafield>
  <datafield tag="500" ind1=" " ind2=" ">
    <subfield code="a">Tibetan folk songs with revolutionary texts in praise of Chairman Mao.</subfield>
  </datafield>
  <datafield tag="500" ind1=" " ind2=" ">
    <subfield code="a">Sung in Tibetan and Han.</subfield>
  </datafield>
  <datafield tag="511" ind1="0" ind2=" ">
    <subfield code="a">Tsetan Drolma, Yungshi, Achia, Chuntsung, vocals ; Mima, dizi (flute) ; accompanied by Shanghai yin yue xue yuan min yue xiao zu (the traditional orchestra of the Shanghai Conservatory of Music)</subfield>
  </datafield>
  <datafield tag="505" ind1="0" ind2=" ">
    <subfield code="a">The brilliance of Chairman Mao -- Thinking of Chairman Mao -- The Liberation Army and the Tibetan people are of one family -- The party&apos;s policies shed their light everywhere -- A pure and white hata for Chairman Mao -- The Communist Party brings the Tibetan people happiness -- Song of happiness -- Forward footsteps of advance -- On the golden mountain of Peking -- Brightly shines the thought of Chairman Mao -- Dedicated to Chairman Mao -- On the top of the snow mountain -- Patang is a good place -- On the high snow-capped mountains.</subfield>
  </datafield>
  <datafield tag="650" ind1=" " ind2="0">
    <subfield code="a">Folk songs, Tibetan</subfield>
    <subfield code="z">China.</subfield>
  </datafield>
  <datafield tag="650" ind1=" " ind2="0">
    <subfield code="a">Folk songs, Han</subfield>
    <subfield code="z">China</subfield>
    <subfield code="z">Tibet Autonomous Region.</subfield>
  </datafield>
  <datafield tag="650" ind1=" " ind2="0">
    <subfield code="a">Revolutionary ballads and songs</subfield>
    <subfield code="z">China</subfield>
    <subfield code="z">Tibet Autonomous Region.</subfield>
  </datafield>
  <datafield tag="650" ind1=" " ind2="0">
    <subfield code="a">Revolutionary music</subfield>
    <subfield code="z">China</subfield>
    <subfield code="z">Tibet Autonomous Region.</subfield>
  </datafield>
  <datafield tag="650" ind1=" " ind2="0">
    <subfield code="a">Music</subfield>
    <subfield code="z">China</subfield>
    <subfield code="z">Tibet Autonomous Region.</subfield>
  </datafield>
  <datafield tag="700" ind1="1" ind2=" ">
    <subfield code="a">Mao, Zedong,</subfield>
    <subfield code="d">1893-1976.</subfield>
  </datafield>
</record>