

<record xmlns="http://www.loc.gov/MARC21/slim"
xmlns:xsi="http://www.w3.org/2001/XMLSchema-instance"
xsi:schemaLocation="http://www.loc.gov/MARC21/slim
http://www.loc.gov/standards/marcxml/schema/MARC21slim.xsd">
  <leader>00373nam a22001575u 4500</leader>
  <controlfield tag="001">007957864-0</controlfield>
  <controlfield tag="005">20020606104010.5</controlfield>
  <controlfield tag="008">981210|1994    cc           |||||||tib|d</controlfield>
  <datafield tag="020" ind1=" " ind2=" ">
    <subfield code="a">7105021675</subfield>
  </datafield>
  <datafield tag="245" ind1="1" ind2="0">
    <subfield code="a">[Tibetan book]</subfield>
  </datafield>
  <datafield tag="260" ind1=" " ind2=" ">
    <subfield code="c">1994.</subfield>
  </datafield>
  <datafield tag="490" ind1="0" ind2=" ">
    <subfield code="a">Hsi-tsang wen shih tzu liao hsüan chi ;</subfield>
    <subfield code="v">17</subfield>
  </datafield>
</record>