

<record xmlns="http://www.loc.gov/MARC21/slim"
xmlns:xsi="http://www.w3.org/2001/XMLSchema-instance"
xsi:schemaLocation="http://www.loc.gov/MARC21/slim
http://www.loc.gov/standards/marcxml/schema/MARC21slim.xsd">
  <leader>01675cjm a2200361 a 4500</leader>
  <controlfield tag="001">008047732-1</controlfield>
  <controlfield tag="005">20020606104010.5</controlfield>
  <controlfield tag="008">990407s1997    ii munn  dfik    |  tib d</controlfield>
  <datafield tag="028" ind1="0" ind2="2">
    <subfield code="b">Tibetan Institute of Performing Arts</subfield>
  </datafield>
  <datafield tag="033" ind1="2" ind2="0">
    <subfield code="a">19961123</subfield>
    <subfield code="a">19961125</subfield>
    <subfield code="b">4360</subfield>
  </datafield>
  <datafield tag="035" ind1="0" ind2=" ">
    <subfield code="a">ocm42743354</subfield>
  </datafield>
  <datafield tag="040" ind1=" " ind2=" ">
    <subfield code="a">PUL</subfield>
    <subfield code="c">PUL</subfield>
    <subfield code="d">OCL</subfield>
    <subfield code="d">MH-Mu</subfield>
  </datafield>
  <datafield tag="041" ind1="0" ind2=" ">
    <subfield code="d">tib</subfield>
    <subfield code="e">engfreger</subfield>
    <subfield code="h">tib</subfield>
    <subfield code="g">engfreger</subfield>
    <subfield code="h">ger</subfield>
  </datafield>
  <datafield tag="043" ind1=" " ind2=" ">
    <subfield code="a">a-cc-ti</subfield>
    <subfield code="a">a-ii---</subfield>
  </datafield>
  <datafield tag="047" ind1=" " ind2=" ">
    <subfield code="a">fm</subfield>
    <subfield code="a">cb</subfield>
  </datafield>
  <datafield tag="110" ind1="2" ind2=" ">
    <subfield code="a">Tibetan Institute of Performing Arts (Dharmsāla, India).</subfield>
  </datafield>
  <datafield tag="245" ind1="1" ind2="0">
    <subfield code="a">Dhama suna</subfield>
    <subfield code="h">[sound recording] =</subfield>
    <subfield code="b">Brda ma su sna /</subfield>
    <subfield code="c">Tibetan Institute of Performing Arts.</subfield>
  </datafield>
  <datafield tag="246" ind1="3" ind2="1">
    <subfield code="a">Brda ma su sna</subfield>
  </datafield>
  <datafield tag="260" ind1=" " ind2=" ">
    <subfield code="a">[S.l.] :</subfield>
    <subfield code="b">The Institute,</subfield>
    <subfield code="c">[1997?]</subfield>
  </datafield>
  <datafield tag="300" ind1=" " ind2=" ">
    <subfield code="a">1 sound cassette :</subfield>
    <subfield code="b">analog, stereo.</subfield>
  </datafield>
  <datafield tag="500" ind1=" " ind2=" ">
    <subfield code="a">Tibetan folk music and chants.</subfield>
  </datafield>
  <datafield tag="500" ind1=" " ind2=" ">
    <subfield code="a">Title from inlay sheet.</subfield>
  </datafield>
  <datafield tag="500" ind1=" " ind2=" ">
    <subfield code="a">The 3rd and 15th tracks instrumental.</subfield>
  </datafield>
  <datafield tag="505" ind1="0" ind2=" ">
    <subfield code="a">Gyalü nam-thar -- Yar-lung tin-sang -- Dhama suna : instrumental -- Yamataka (Gyuto Monks) -- Nang-ma zom-pa nam-sum -- Kha-rag ri (2:28) -- Dra-nyen Shab-dro (3;27) -- Kham-lu (2:14) -- Nang-sä nam-thar (6:15) -- Mahakala (5:50) -- Bha-shey kel-sang la (4:40) -- Nyu-tra le-mo (2:48) -- Dra-dhül nyen-kyong (3:57) -- Pho-trang mar-po (4:00) -- Ser-tri nga-söl (4:48) -- Phel-den La-mo (5:26) -- Nang-ma ta-la shi-pa (2:50) -- Tsong-pen nor-sang (4:40) -- Sang-mö döl-pä nam-thar (1:09)</subfield>
  </datafield>
  <datafield tag="650" ind1=" " ind2="0">
    <subfield code="a">Folk songs, Tibetan.</subfield>
  </datafield>
  <datafield tag="650" ind1=" " ind2="0">
    <subfield code="a">Music</subfield>
    <subfield code="z">China</subfield>
    <subfield code="z">Tibet Autonomous Region.</subfield>
  </datafield>
  <datafield tag="650" ind1=" " ind2="0">
    <subfield code="a">Tibetans</subfield>
    <subfield code="z">India</subfield>
    <subfield code="v">Music.</subfield>
  </datafield>
  <datafield tag="650" ind1=" " ind2="0">
    <subfield code="a">Buddhist chants</subfield>
    <subfield code="z">China</subfield>
    <subfield code="z">Tibet Autonomous Region.</subfield>
  </datafield>
  <datafield tag="650" ind1=" " ind2="0">
    <subfield code="a">Music</subfield>
    <subfield code="z">China</subfield>
    <subfield code="z">Tibet Autonomous Region.</subfield>
  </datafield>
  <datafield tag="710" ind1="2" ind2=" ">
    <subfield code="a">Rgyud-stod Grwa-tshaṅ.</subfield>
  </datafield>
</record>