

<record xmlns="http://www.loc.gov/MARC21/slim"
xmlns:xsi="http://www.w3.org/2001/XMLSchema-instance"
xsi:schemaLocation="http://www.loc.gov/MARC21/slim
http://www.loc.gov/standards/marcxml/schema/MARC21slim.xsd">
  <leader>01679cam a2200313Ia 4500</leader>
  <controlfield tag="001">008098038-4</controlfield>
  <controlfield tag="005">20070917194617.0</controlfield>
  <controlfield tag="008">990326s1988    cc            000 0 tib d</controlfield>
  <datafield tag="020" ind1=" " ind2=" ">
    <subfield code="a">7540901632</subfield>
  </datafield>
  <datafield tag="035" ind1="0" ind2=" ">
    <subfield code="a">ocm41044671</subfield>
  </datafield>
  <datafield tag="040" ind1=" " ind2=" ">
    <subfield code="a">RCE</subfield>
    <subfield code="c">RCE</subfield>
    <subfield code="d">HLS</subfield>
  </datafield>
  <datafield tag="041" ind1="1" ind2=" ">
    <subfield code="a">tib</subfield>
    <subfield code="h">san</subfield>
  </datafield>
  <datafield tag="090" ind1=" " ind2=" ">
    <subfield code="a">BQ1955</subfield>
    <subfield code="b">.A24 T5 1988</subfield>
  </datafield>
  <datafield tag="130" ind1="0" ind2=" ">
    <subfield code="a">Abhisamayālaṅkāra.</subfield>
    <subfield code="l">Tibetan.</subfield>
  </datafield>
  <datafield tag="245" ind1="1" ind2="0">
    <subfield code="a">Mṅon rtogs rgyan daṅ Dbu ma ʾjug paʾi rtsa ba bźugs.</subfield>
  </datafield>
  <datafield tag="246" ind1="1" ind2="3">
    <subfield code="a">Mngon-rtogs-rgyan</subfield>
  </datafield>
  <datafield tag="246" ind1="1" ind2="3">
    <subfield code="a">Dbu-ma-&apos;jug-pa&apos;i-rtsa-ba-bzhugs</subfield>
  </datafield>
  <datafield tag="260" ind1=" " ind2=" ">
    <subfield code="a">Khreṅ-tuʾu :</subfield>
    <subfield code="b">Si-khron mi rigs dpe skrun khaṅ :</subfield>
    <subfield code="b">Si-khron Źin-chen Źin-hwa dpe tshoṅ khaṅ gis bkram,</subfield>
    <subfield code="c">1988.</subfield>
  </datafield>
  <datafield tag="300" ind1=" " ind2=" ">
    <subfield code="a">145 p. :</subfield>
    <subfield code="b">col. ill. ;</subfield>
    <subfield code="c">19 cm.</subfield>
  </datafield>
  <datafield tag="500" ind1=" " ind2=" ">
    <subfield code="a">Text of Abhisamayālaṅkāra ascribed to Maitreyanātha.</subfield>
  </datafield>
  <datafield tag="500" ind1=" " ind2=" ">
    <subfield code="a">Includes stotra for Mañjuśrī by Tsoṅ-kha-pa and the Tibetan version of Candrakīrti&apos;s Madyamakāvatāra.</subfield>
  </datafield>
  <datafield tag="505" ind1="0" ind2=" ">
    <subfield code="a">Rje-btsun ʾJam-paʾi-dbyaṅs la bstod pa ʾJam-dbyaṅs mñes par byed paʾi bstod sprin rgya mtsho / Rje Blo-bzaṅ-grags-pa -- Śes rab kyi pha rol tu phyin paʾi man ṅag gi bstan bcos mṅon par rtogs paʾi rgyan ces bya ba / Rje-btsun Byams-pa-mgon-po -- Dbu ma la ʾjug pa źes bya ba / Dpal-ldan Zla-ba-grags-pa.</subfield>
  </datafield>
  <datafield tag="546" ind1=" " ind2=" ">
    <subfield code="a">In Tibetan, 2nd and 3rd works translated from Sanskrit.</subfield>
  </datafield>
  <datafield tag="630" ind1="0" ind2="0">
    <subfield code="a">Tripiṭak.</subfield>
    <subfield code="p">Sūtrapiṭaka.</subfield>
    <subfield code="p">Prajñāpāramitā.</subfield>
    <subfield code="p">Pañcaviṃśatisāhasrikā</subfield>
    <subfield code="v">Commentaries</subfield>
    <subfield code="v">Early works to 1800.</subfield>
  </datafield>
  <datafield tag="650" ind1=" " ind2="0">
    <subfield code="a">Mahayana Buddhism</subfield>
    <subfield code="v">Early works to 1800.</subfield>
  </datafield>
  <datafield tag="700" ind1="0" ind2=" ">
    <subfield code="a">Maitreyanātha.</subfield>
  </datafield>
  <datafield tag="700" ind1="0" ind2=" ">
    <subfield code="a">Tsoṅ-kha-pa Blo-bzaṅ-grags-pa,</subfield>
    <subfield code="d">1357-1419.</subfield>
    <subfield code="t">Rje-btsun ʾJam-paʾi-dbyaṅs la bstod pa ʾJam-dbyaṅs mñes par byed paʾi bstod sprin rgya mtsho.</subfield>
  </datafield>
  <datafield tag="700" ind1="0" ind2=" ">
    <subfield code="a">Candrakīrti.</subfield>
    <subfield code="t">Madyamakāvatāra.</subfield>
    <subfield code="l">Tibetan.</subfield>
  </datafield>
</record>