

<record xmlns="http://www.loc.gov/MARC21/slim"
xmlns:xsi="http://www.w3.org/2001/XMLSchema-instance"
xsi:schemaLocation="http://www.loc.gov/MARC21/slim
http://www.loc.gov/standards/marcxml/schema/MARC21slim.xsd">
  <leader>01116aam a2200265 a 4500</leader>
  <controlfield tag="001">008102770-2</controlfield>
  <controlfield tag="005">20020606104010.5</controlfield>
  <controlfield tag="008">941201s1997    cc            000 0 tibo</controlfield>
  <datafield tag="020" ind1=" " ind2=" ">
    <subfield code="a">7542100106</subfield>
  </datafield>
  <datafield tag="035" ind1="0" ind2=" ">
    <subfield code="a">ocm81273814</subfield>
  </datafield>
  <datafield tag="043" ind1=" " ind2=" ">
    <subfield code="a">a-cc-ti</subfield>
  </datafield>
  <datafield tag="050" ind1="0" ind2="0">
    <subfield code="a">BC25</subfield>
    <subfield code="b">.P493 1990</subfield>
  </datafield>
  <datafield tag="100" ind1="0" ind2=" ">
    <subfield code="a">Phur-bu-lcog Byams-pa-rgya-mtsho,</subfield>
    <subfield code="d">1825-1901.</subfield>
  </datafield>
  <datafield tag="245" ind1="1" ind2="0">
    <subfield code="a">Tshad maʾi gźuṅ don ʾbyed paʾi bsdus grwa daṅ blo rtags kyi rnam gźag rigs lam ʾphrul gyi lde mig /</subfield>
    <subfield code="c">Yoṅs-ʾdzin Phur-lcog-pa Blo-bzaṅ-tshul-khrims-byams-pa-rgya-mtshos brtsams.</subfield>
  </datafield>
  <datafield tag="246" ind1="1" ind2="4">
    <subfield code="a">Rigs lam ʾphrul lde.</subfield>
  </datafield>
  <datafield tag="246" ind1="1" ind2=" ">
    <subfield code="i">Chinese colophon title:</subfield>
    <subfield code="a">Yin ming ju men</subfield>
  </datafield>
  <datafield tag="250" ind1=" " ind2=" ">
    <subfield code="a">Par thens 9.</subfield>
  </datafield>
  <datafield tag="260" ind1=" " ind2=" ">
    <subfield code="a">[Lan-chou] :</subfield>
    <subfield code="b">Kan-suʾu mi rigs dpe skrun khaṅ gis bskrun :</subfield>
    <subfield code="b">Mtsho-sṅon Źiṅ-chen Źin-hwa dpe tshoṅ khaṅ gis bkram,</subfield>
    <subfield code="c">1997.</subfield>
  </datafield>
  <datafield tag="300" ind1=" " ind2=" ">
    <subfield code="a">386 p. ;</subfield>
    <subfield code="c">19 cm.</subfield>
  </datafield>
  <datafield tag="546" ind1=" " ind2=" ">
    <subfield code="a">In Tibetan.</subfield>
  </datafield>
  <datafield tag="520" ind1=" " ind2=" ">
    <subfield code="a">Basic course of study of elementary Buddhist logic and dialectrical studies of Lamaist Buddhist in Tibet.</subfield>
  </datafield>
  <datafield tag="650" ind1=" " ind2="0">
    <subfield code="a">Buddhist logic.</subfield>
  </datafield>
  <datafield tag="650" ind1=" " ind2="0">
    <subfield code="a">Debates and debating</subfield>
    <subfield code="x">Religious aspects</subfield>
    <subfield code="x">Buddhism.</subfield>
  </datafield>
  <datafield tag="650" ind1=" " ind2="0">
    <subfield code="a">Buddhist education</subfield>
    <subfield code="z">China</subfield>
    <subfield code="z">Tibet Autonomous Region.</subfield>
  </datafield>
</record>