

<record xmlns="http://www.loc.gov/MARC21/slim"
xmlns:xsi="http://www.w3.org/2001/XMLSchema-instance"
xsi:schemaLocation="http://www.loc.gov/MARC21/slim
http://www.loc.gov/standards/marcxml/schema/MARC21slim.xsd">
  <leader>00976nam a2200253 a 4500</leader>
  <controlfield tag="001">008106341-5</controlfield>
  <controlfield tag="005">20020606104010.5</controlfield>
  <controlfield tag="008">981113s1997    cc            000 0 tibod</controlfield>
  <datafield tag="020" ind1=" " ind2=" ">
    <subfield code="a">7542006665</subfield>
  </datafield>
  <datafield tag="035" ind1="0" ind2=" ">
    <subfield code="a">ocm49722185</subfield>
  </datafield>
  <datafield tag="130" ind1="0" ind2=" ">
    <subfield code="a">Gesar.</subfield>
    <subfield code="p">Ldoṅ gi ma yig luṅ bstan.</subfield>
  </datafield>
  <datafield tag="245" ind1="1" ind2="0">
    <subfield code="a">Gliṅ Ge-sar rgyal boʾi sgruṅ :</subfield>
    <subfield code="b">Ldoṅ gi ma yig luṅ bstan.</subfield>
  </datafield>
  <datafield tag="246" ind1="1" ind2="4">
    <subfield code="a">ʾDzam gliṅ Ge-sar rgyal boʾi sgruṅ, ldoṅ gi ma yig luṅ bstan</subfield>
  </datafield>
  <datafield tag="246" ind1="1" ind2=" ">
    <subfield code="i">Chinese colophon title:</subfield>
    <subfield code="a">Ko-sa-erh chʻuan chʻi.</subfield>
    <subfield code="p">Tun-shih yü yen shou chi</subfield>
  </datafield>
  <datafield tag="250" ind1=" " ind2=" ">
    <subfield code="a">[Par theṅs 2].</subfield>
  </datafield>
  <datafield tag="260" ind1=" " ind2=" ">
    <subfield code="a">Zi-liṅ :</subfield>
    <subfield code="b">Mtsho-sṅon mi rigs dpe skrun khaṅ :</subfield>
    <subfield code="b">Mtsho-sṅon Źiṅ-chen Źin-hwa dpe khaṅ gis bkram,</subfield>
    <subfield code="c">1997.</subfield>
  </datafield>
  <datafield tag="300" ind1=" " ind2=" ">
    <subfield code="a">2, 2, 396 p. ;</subfield>
    <subfield code="c">21 cm.</subfield>
  </datafield>
  <datafield tag="546" ind1=" " ind2=" ">
    <subfield code="a">In Tibetan.</subfield>
  </datafield>
  <datafield tag="500" ind1=" " ind2=" ">
    <subfield code="a">Compiled by Mgo-log khul &quot;Ge-sar sgruṅ źib&quot; ʾjug khaṅ.</subfield>
  </datafield>
  <datafield tag="650" ind1=" " ind2="0">
    <subfield code="a">Gesar (Legendary character)</subfield>
  </datafield>
  <datafield tag="650" ind1=" " ind2="0">
    <subfield code="a">Prophecy</subfield>
    <subfield code="x">Buddhism.</subfield>
  </datafield>
  <datafield tag="710" ind1="2" ind2=" ">
    <subfield code="a">Mgo-log khul.</subfield>
    <subfield code="b">Ge-sar sgruṅ źib ʾjug khaṅ.</subfield>
  </datafield>
</record>