

<record xmlns="http://www.loc.gov/MARC21/slim"
xmlns:xsi="http://www.w3.org/2001/XMLSchema-instance"
xsi:schemaLocation="http://www.loc.gov/MARC21/slim
http://www.loc.gov/standards/marcxml/schema/MARC21slim.xsd">
  <leader>00857nam a2200241 a 4500</leader>
  <controlfield tag="001">008124600-5</controlfield>
  <controlfield tag="005">20020606104010.5</controlfield>
  <controlfield tag="008">981210s1997    cc            000 0 tibod</controlfield>
  <datafield tag="020" ind1=" " ind2=" ">
    <subfield code="a">7223010746</subfield>
  </datafield>
  <datafield tag="035" ind1="0" ind2=" ">
    <subfield code="a">ocm50228472</subfield>
  </datafield>
  <datafield tag="050" ind1="0" ind2="0">
    <subfield code="a">BQ3237</subfield>
    <subfield code="b">.N35 1997</subfield>
  </datafield>
  <datafield tag="100" ind1="0" ind2=" ">
    <subfield code="a">Lam-rim-pa-ṅag-dbaṅ-phun-tshogs.</subfield>
  </datafield>
  <datafield tag="245" ind1="1" ind2="0">
    <subfield code="a">Tshad ma rnam ʼgrel gyi ṭīkka gzur gnas dgyes paʼi mchod sprin /</subfield>
    <subfield code="c">Lam-rim-pa-ṅag-dbaṅ-phun-tshogs.</subfield>
  </datafield>
  <datafield tag="246" ind1="1" ind2=" ">
    <subfield code="i">Chinese colophon title:</subfield>
    <subfield code="a">Shih liang lun hsin chu</subfield>
  </datafield>
  <datafield tag="250" ind1=" " ind2=" ">
    <subfield code="a">Par theṅs 1.</subfield>
  </datafield>
  <datafield tag="260" ind1=" " ind2=" ">
    <subfield code="a">[Lha-sa] :</subfield>
    <subfield code="b">Bod-ljoṅs mi dmaṅs dpe skrun khaṅ,</subfield>
    <subfield code="c">1997.</subfield>
  </datafield>
  <datafield tag="300" ind1=" " ind2=" ">
    <subfield code="a">v. ;</subfield>
    <subfield code="c">21 cm.</subfield>
  </datafield>
  <datafield tag="546" ind1=" " ind2=" ">
    <subfield code="a">In Tibetan.</subfield>
  </datafield>
  <datafield tag="520" ind1=" " ind2=" ">
    <subfield code="a">Commentary on Pramāṇavārttikā of Dharmakīrti, 7th cent. by modern author.</subfield>
  </datafield>
  <datafield tag="600" ind1="0" ind2="0">
    <subfield code="a">Dharmakīrti,</subfield>
    <subfield code="d">active 7th century.</subfield>
    <subfield code="t">Pramāṇavārttika.</subfield>
  </datafield>
  <datafield tag="650" ind1=" " ind2="0">
    <subfield code="a">Buddhist logic.</subfield>
  </datafield>
  <datafield tag="650" ind1=" " ind2="0">
    <subfield code="a">Tibetan language</subfield>
    <subfield code="v">Texts.</subfield>
  </datafield>
</record>