

<record xmlns="http://www.loc.gov/MARC21/slim"
xmlns:xsi="http://www.w3.org/2001/XMLSchema-instance"
xsi:schemaLocation="http://www.loc.gov/MARC21/slim
http://www.loc.gov/standards/marcxml/schema/MARC21slim.xsd">
  <leader>01066nam a2200289 a 4500</leader>
  <controlfield tag="001">008124602-1</controlfield>
  <controlfield tag="005">20020606104010.5</controlfield>
  <controlfield tag="008">980723s1997    cc a          000 0ctibod</controlfield>
  <datafield tag="020" ind1=" " ind2=" ">
    <subfield code="a">7542105582</subfield>
  </datafield>
  <datafield tag="035" ind1="0" ind2=" ">
    <subfield code="a">ocm41889334</subfield>
  </datafield>
  <datafield tag="043" ind1=" " ind2=" ">
    <subfield code="a">a-cc-ti</subfield>
  </datafield>
  <datafield tag="100" ind1="1" ind2=" ">
    <subfield code="a">Ldan-ma-ʾjam-dbyaṅs-tshul-khrims.</subfield>
  </datafield>
  <datafield tag="245" ind1="1" ind2="0">
    <subfield code="a">Dpal Karma-pa sku phreṅ rim byon gyi mdzad rnam bʹzugs so =</subfield>
    <subfield code="b">Li tai Ka-ma-pa chüan /</subfield>
    <subfield code="c">Ldan-ma-ʾjam-dbyaṅs-tshul-khrims kyis brtsams.</subfield>
  </datafield>
  <datafield tag="246" ind1="3" ind2="1">
    <subfield code="a">Li tai Ka-ma-ba chüan</subfield>
  </datafield>
  <datafield tag="246" ind1="1" ind2=" ">
    <subfield code="i">Title in colophon:</subfield>
    <subfield code="a">Karma-paʾi mdzad rnam</subfield>
  </datafield>
  <datafield tag="250" ind1=" " ind2=" ">
    <subfield code="a">Par theṅs 1.</subfield>
  </datafield>
  <datafield tag="260" ind1=" " ind2=" ">
    <subfield code="a">[Lan-chou] :</subfield>
    <subfield code="b">Kan-suʾu mi rigs dpe skrun khaṅ :</subfield>
    <subfield code="b">Mtsho-sṅon Źiṅ-chen Źin-hwa dpe khaṅ gis bkram,</subfield>
    <subfield code="c">1997.</subfield>
  </datafield>
  <datafield tag="300" ind1=" " ind2=" ">
    <subfield code="a">1, 239 p. :</subfield>
    <subfield code="b">ill. (some col.) ;</subfield>
    <subfield code="c">27 cm.</subfield>
  </datafield>
  <datafield tag="546" ind1=" " ind2=" ">
    <subfield code="a">In Tibetan.</subfield>
  </datafield>
  <datafield tag="520" ind1=" " ind2=" ">
    <subfield code="a">Biographies of the successive embodiments of the Karmapas.</subfield>
  </datafield>
  <datafield tag="650" ind1=" " ind2="0">
    <subfield code="a">Kar-ma-pa lamas</subfield>
    <subfield code="v">Biography.</subfield>
  </datafield>
  <datafield tag="650" ind1=" " ind2="0">
    <subfield code="a">Kar-ma-pa (Sect)</subfield>
    <subfield code="x">History.</subfield>
  </datafield>
  <datafield tag="650" ind1=" " ind2="0">
    <subfield code="a">Lamas</subfield>
    <subfield code="x">Lineage.</subfield>
  </datafield>
  <datafield tag="650" ind1=" " ind2="0">
    <subfield code="a">Reincarnate lamas.</subfield>
  </datafield>
  <datafield tag="650" ind1=" " ind2="0">
    <subfield code="a">Tibetan language</subfield>
    <subfield code="v">Texts.</subfield>
  </datafield>
</record>