

<record xmlns="http://www.loc.gov/MARC21/slim"
xmlns:xsi="http://www.w3.org/2001/XMLSchema-instance"
xsi:schemaLocation="http://www.loc.gov/MARC21/slim
http://www.loc.gov/standards/marcxml/schema/MARC21slim.xsd">
  <leader>00965nam a2200241 a 4500</leader>
  <controlfield tag="001">008124651-X</controlfield>
  <controlfield tag="005">20020606104010.5</controlfield>
  <controlfield tag="008">981113s1998    cc a          000 0 tibod</controlfield>
  <datafield tag="020" ind1=" " ind2=" ">
    <subfield code="a">7540920025</subfield>
  </datafield>
  <datafield tag="035" ind1="0" ind2=" ">
    <subfield code="a">ocm43077234</subfield>
  </datafield>
  <datafield tag="043" ind1=" " ind2=" ">
    <subfield code="a">a-cc-ti</subfield>
  </datafield>
  <datafield tag="050" ind1="0" ind2="0">
    <subfield code="a">PL3748.G425</subfield>
    <subfield code="b">D37 1998</subfield>
  </datafield>
  <datafield tag="130" ind1="0" ind2=" ">
    <subfield code="a">Gesar.</subfield>
    <subfield code="p">ʾDan-sras-gʹyu-ʾod-ʾbum-meʾi rtogs brjod.</subfield>
  </datafield>
  <datafield tag="245" ind1="1" ind2="0">
    <subfield code="a">Gliṅ rje Ge-sar rgyal poʾi sgruṅ :</subfield>
    <subfield code="b">ʾDan-sras-gʹyu-ʾod-ʾbum-meʾi rtogs brjod.</subfield>
  </datafield>
  <datafield tag="246" ind1="1" ind2=" ">
    <subfield code="i">Chinese colophon title:</subfield>
    <subfield code="a">Ko-sa-erh wang chuan.</subfield>
    <subfield code="p">Tien-tzu · Yu-wei-pen-mai de ku shih</subfield>
  </datafield>
  <datafield tag="246" ind1="3" ind2="0">
    <subfield code="a">ʾDan-sras-gʹyu-ʾod-ʾbum-meʾi rtogs brjod</subfield>
  </datafield>
  <datafield tag="260" ind1=" " ind2=" ">
    <subfield code="a">[Chʻeng-tu] :</subfield>
    <subfield code="b">Si-khron mi rigs dpe skrun khaṅ,</subfield>
    <subfield code="c">1998.</subfield>
  </datafield>
  <datafield tag="300" ind1=" " ind2=" ">
    <subfield code="a">243 p. :</subfield>
    <subfield code="b">col. ill. ;</subfield>
    <subfield code="c">21 cm.</subfield>
  </datafield>
  <datafield tag="546" ind1=" " ind2=" ">
    <subfield code="a">In Tibetan.</subfield>
  </datafield>
  <datafield tag="520" ind1=" " ind2=" ">
    <subfield code="a">An episode from the King Gesar epic on ʾDan-sras-gʹyu-ʾod-ʾbum-me, a legendary character.</subfield>
  </datafield>
  <datafield tag="500" ind1=" " ind2=" ">
    <subfield code="a">&quot;Bstan-ʾdzin-rgya-mtsho daṅ Tshul-khrims-do-gros sags kyis mdzad&quot;-Colophon.</subfield>
  </datafield>
  <datafield tag="650" ind1=" " ind2="0">
    <subfield code="a">Gesar (Legendary character)</subfield>
  </datafield>
</record>