

<record xmlns="http://www.loc.gov/MARC21/slim"
xmlns:xsi="http://www.w3.org/2001/XMLSchema-instance"
xsi:schemaLocation="http://www.loc.gov/MARC21/slim
http://www.loc.gov/standards/marcxml/schema/MARC21slim.xsd">
  <leader>01248nam a22002657a 4500</leader>
  <controlfield tag="001">008131440-X</controlfield>
  <controlfield tag="005">20090713023413.0</controlfield>
  <controlfield tag="008">980820s1997    cc            000 0atib d</controlfield>
  <datafield tag="020" ind1=" " ind2=" ">
    <subfield code="a">7540917784</subfield>
  </datafield>
  <datafield tag="035" ind1="0" ind2=" ">
    <subfield code="a">ocm41967770</subfield>
  </datafield>
  <datafield tag="245" ind1="0" ind2="0">
    <subfield code="a">Kloṅ chen sñiṅ thig gi sṅon ʼgroʼi ṅag ʼdon rtsa ʼgrel bźugs /</subfield>
    <subfield code="c">[Jigs-med-phrin-las-ʼod-zer daṅ Mkhyen-brtseʼi-dban-po, Chos-kyi-grags-pa gsum gyis gsuṅs].</subfield>
  </datafield>
  <datafield tag="246" ind1="1" ind2=" ">
    <subfield code="i">Chinese colophon title:</subfield>
    <subfield code="a">To-chʻin-tse chuan</subfield>
  </datafield>
  <datafield tag="250" ind1=" " ind2=" ">
    <subfield code="a">Par theṅs 1.</subfield>
  </datafield>
  <datafield tag="260" ind1=" " ind2=" ">
    <subfield code="a">[Chʻeng-tu] :</subfield>
    <subfield code="b">Si-khron mi rigs dpe skrun khaṅ :</subfield>
    <subfield code="b">Si-khron Źiṅ-chen Źin-hwa dpe tshoṅ khaṅ gis brgyud tshoṅ byas,</subfield>
    <subfield code="c">1997.</subfield>
  </datafield>
  <datafield tag="300" ind1=" " ind2=" ">
    <subfield code="a">2, 172 p. ;</subfield>
    <subfield code="c">19 cm.</subfield>
  </datafield>
  <datafield tag="546" ind1=" " ind2=" ">
    <subfield code="a">In Tibetan.</subfield>
  </datafield>
  <datafield tag="546" ind1=" " ind2=" ">
    <subfield code="a">The root text and commentaries to the preliminary practices of a cycle of Rdzogs-chen teachings of the Rñiṅ-ma-pa school of Tibetan Buddhism.</subfield>
  </datafield>
  <datafield tag="650" ind1=" " ind2="0">
    <subfield code="a">Rdzogs-chen.</subfield>
  </datafield>
  <datafield tag="600" ind1="0" ind2="0">
    <subfield code="a">ʼJigs-med-gliṅ-pa Raṅ-byuṅ-rdo-rje,</subfield>
    <subfield code="d">1729 or 1730-1798.</subfield>
    <subfield code="t">Kloṅ chen sñiṅ thig sṅon ʼgro.</subfield>
  </datafield>
  <datafield tag="650" ind1=" " ind2="0">
    <subfield code="a">Meditation</subfield>
    <subfield code="x">Rñiṅ-ma-pa (Sect)</subfield>
  </datafield>
  <datafield tag="700" ind1="0" ind2=" ">
    <subfield code="a">Thub-bstan-chos-kyi-grags-pa.</subfield>
  </datafield>
  <datafield tag="700" ind1="0" ind2=" ">
    <subfield code="a">Mkhyen-brtseʼi-dbaṅ-po,</subfield>
    <subfield code="c">ʼJam-dbyaṅs,</subfield>
    <subfield code="d">1820-1892.</subfield>
  </datafield>
  <datafield tag="700" ind1="0" ind2=" ">
    <subfield code="a">ʼJigs-med-phrin-las-ʼod-zer,</subfield>
    <subfield code="c">Rdo Grub-chen</subfield>
    <subfield code="b">I,</subfield>
    <subfield code="d">1745-1821.</subfield>
  </datafield>
</record>