

<record xmlns="http://www.loc.gov/MARC21/slim"
xmlns:xsi="http://www.w3.org/2001/XMLSchema-instance"
xsi:schemaLocation="http://www.loc.gov/MARC21/slim
http://www.loc.gov/standards/marcxml/schema/MARC21slim.xsd">
  <leader>01099cas a2200337 a 4500</leader>
  <controlfield tag="001">008134578-X</controlfield>
  <controlfield tag="005">20020606104010.5</controlfield>
  <controlfield tag="008">930203c19uu9999cc qr p       0    0tibod</controlfield>
  <datafield tag="010" ind1=" " ind2=" ">
    <subfield code="a">   93661988</subfield>
    <subfield code="z">sn 93033069</subfield>
  </datafield>
  <datafield tag="035" ind1="0" ind2=" ">
    <subfield code="a">ocm27367397</subfield>
  </datafield>
  <datafield tag="040" ind1=" " ind2=" ">
    <subfield code="a">IUL</subfield>
    <subfield code="c">IUL</subfield>
    <subfield code="d">DLC</subfield>
    <subfield code="d">HLS</subfield>
  </datafield>
  <datafield tag="042" ind1=" " ind2=" ">
    <subfield code="a">lc</subfield>
  </datafield>
  <datafield tag="043" ind1=" " ind2=" ">
    <subfield code="a">a-cc-ti</subfield>
  </datafield>
  <datafield tag="050" ind1="0" ind2="0">
    <subfield code="a">DS785.A1</subfield>
    <subfield code="b">H772</subfield>
  </datafield>
  <datafield tag="130" ind1="0" ind2=" ">
    <subfield code="a">Hsi-tsang yen chiu</subfield>
    <subfield code="l">Tibetan.</subfield>
  </datafield>
  <datafield tag="245" ind1="0" ind2="0">
    <subfield code="a">Bod-ljoṅs źib ʾjug =</subfield>
    <subfield code="b">Hsi-tsang yen chiu.</subfield>
  </datafield>
  <datafield tag="246" ind1="1" ind2="0">
    <subfield code="a">Tibetan studies</subfield>
  </datafield>
  <datafield tag="246" ind1="1" ind2="1">
    <subfield code="a">Hsi-tsang yen chiu</subfield>
  </datafield>
  <datafield tag="260" ind1=" " ind2=" ">
    <subfield code="a">[Chʻeng-tu shih] :</subfield>
    <subfield code="b">Bod-ljoṅs Spyi-tshogs-tshan-rig-khaṅ,</subfield>
  </datafield>
  <datafield tag="300" ind1=" " ind2=" ">
    <subfield code="a">v. :</subfield>
    <subfield code="b">ill. ;</subfield>
    <subfield code="c">26 cm.</subfield>
  </datafield>
  <datafield tag="310" ind1=" " ind2=" ">
    <subfield code="a">Quarterly</subfield>
  </datafield>
  <datafield tag="500" ind1=" " ind2=" ">
    <subfield code="a">Description based on: 1982, 1; title from cover.</subfield>
  </datafield>
  <datafield tag="500" ind1=" " ind2=" ">
    <subfield code="a">Issues for &lt;1990,1-1991,4&gt; have title also in English: Tibetan studies.</subfield>
  </datafield>
  <datafield tag="546" ind1=" " ind2=" ">
    <subfield code="a">In Tibetan.</subfield>
  </datafield>
  <datafield tag="580" ind1=" " ind2=" ">
    <subfield code="a">Tibetan edition of: Hsi-tsang yen chiu.</subfield>
  </datafield>
  <datafield tag="651" ind1=" " ind2="0">
    <subfield code="a">Tibet Autonomous Region (China)</subfield>
    <subfield code="v">Periodicals.</subfield>
  </datafield>
  <datafield tag="710" ind1="2" ind2=" ">
    <subfield code="a">Hsi-tsang she hui kʻo hsüeh yüan.</subfield>
  </datafield>
  <datafield tag="765" ind1="1" ind2=" ">
    <subfield code="t">Hsi-tsang yen chiu</subfield>
    <subfield code="w">(DLC) 84649058</subfield>
    <subfield code="w">(OCoLC)11406715</subfield>
  </datafield>
</record>