

<record xmlns="http://www.loc.gov/MARC21/slim"
xmlns:xsi="http://www.w3.org/2001/XMLSchema-instance"
xsi:schemaLocation="http://www.loc.gov/MARC21/slim
http://www.loc.gov/standards/marcxml/schema/MARC21slim.xsd">
  <leader>01366nam a22003017a 4500</leader>
  <controlfield tag="001">008137245-0</controlfield>
  <controlfield tag="005">20090713023447.0</controlfield>
  <controlfield tag="008">980820s1998    cc            000 0atibod</controlfield>
  <datafield tag="020" ind1=" " ind2=" ">
    <subfield code="a">7540920890</subfield>
  </datafield>
  <datafield tag="035" ind1="0" ind2=" ">
    <subfield code="a">ocm42048355</subfield>
  </datafield>
  <datafield tag="043" ind1=" " ind2=" ">
    <subfield code="a">a-cc-ti</subfield>
  </datafield>
  <datafield tag="050" ind1="0" ind2="0">
    <subfield code="a">BQ7566</subfield>
    <subfield code="b">.S28 1998</subfield>
  </datafield>
  <datafield tag="100" ind1="0" ind2=" ">
    <subfield code="a">Sa-skya Paṇḍi-ta Kun-dgaʼ-rgyal-mtshan,</subfield>
    <subfield code="d">1182-1251.</subfield>
  </datafield>
  <datafield tag="245" ind1="1" ind2="0">
    <subfield code="a">Sa-Pan̥ mkhas ʾjug rtsa ʾgrel bʹzugs /</subfield>
    <subfield code="c">Sa-Pan Kun-dgaʾ-rgyal-mtshan gyis rtsa ba mdzad, Bo-thar-bkra-ʹsis-chos-ʾphel daṅ Ṅag-dbaṅ-chos-grags kyis ʾgrel ba brtsams.</subfield>
  </datafield>
  <datafield tag="246" ind1="3" ind2=" ">
    <subfield code="a">Mkhas pa ʾjug paʾi sgo</subfield>
  </datafield>
  <datafield tag="246" ind1="3" ind2=" ">
    <subfield code="i">Chinese colophon title:</subfield>
    <subfield code="a">Sa Pan ju chih lun hsin chieh</subfield>
  </datafield>
  <datafield tag="250" ind1=" " ind2=" ">
    <subfield code="a">Par theṅs 1.</subfield>
  </datafield>
  <datafield tag="260" ind1=" " ind2=" ">
    <subfield code="a">[Chʻeng-tu] :</subfield>
    <subfield code="b">Si-khron mi rigs dpe skrun khaṅ :</subfield>
    <subfield code="b">Si-khron Źiṅ-chen Źin-hwa dpe tshoṅ khaṅ gis brgyud tshoṅ byas,</subfield>
    <subfield code="c">1998.</subfield>
  </datafield>
  <datafield tag="300" ind1=" " ind2=" ">
    <subfield code="a">3, 14, 373 p. ;</subfield>
    <subfield code="c">19 cm.</subfield>
  </datafield>
  <datafield tag="546" ind1=" " ind2=" ">
    <subfield code="a">In Tibetan.</subfield>
  </datafield>
  <datafield tag="500" ind1=" " ind2=" ">
    <subfield code="a">Root text and commentaries to Sa-skya Pan̥-d̥i-ta Kun-dgaʾ-rgyal-mtshan&apos;s introduction to the principles and concepts of Indo-Tibetan scholasticism.</subfield>
  </datafield>
  <datafield tag="600" ind1="0" ind2="0">
    <subfield code="a">Sa-skya Paṇḍi-ta Kun-dgaʼ-rgyal-mtshan,</subfield>
    <subfield code="d">1182-1251.</subfield>
    <subfield code="t">Mkhas pa ʼjug paʼi sgo.</subfield>
  </datafield>
  <datafield tag="650" ind1=" " ind2="0">
    <subfield code="a">Buddhism</subfield>
    <subfield code="x">Study and teaching</subfield>
    <subfield code="z">China</subfield>
    <subfield code="z">Tibet Autonomous Region.</subfield>
  </datafield>
  <datafield tag="650" ind1=" " ind2="0">
    <subfield code="a">Tibetan language</subfield>
    <subfield code="v">Texts.</subfield>
  </datafield>
  <datafield tag="650" ind1=" " ind2="0">
    <subfield code="a">Sa-skya-pa (Sect)</subfield>
    <subfield code="x">Doctrines.</subfield>
  </datafield>
  <datafield tag="700" ind1="0" ind2=" ">
    <subfield code="a">Bo-thar-bkra-ʹsis-chos-ʼphel.</subfield>
  </datafield>
  <datafield tag="700" ind1="0" ind2=" ">
    <subfield code="a">Ṅag-dbaṅ-chos-grags,</subfield>
    <subfield code="d">1572-1641.</subfield>
  </datafield>
</record>