

<record xmlns="http://www.loc.gov/MARC21/slim"
xmlns:xsi="http://www.w3.org/2001/XMLSchema-instance"
xsi:schemaLocation="http://www.loc.gov/MARC21/slim
http://www.loc.gov/standards/marcxml/schema/MARC21slim.xsd">
  <leader>01181nam a22002537a 4500</leader>
  <controlfield tag="001">008137336-8</controlfield>
  <controlfield tag="005">20020606104010.5</controlfield>
  <controlfield tag="008">980820s1997    cc            000 0atibod</controlfield>
  <datafield tag="020" ind1=" " ind2=" ">
    <subfield code="a">7540919205</subfield>
  </datafield>
  <datafield tag="035" ind1="0" ind2=" ">
    <subfield code="a">ocm42073792</subfield>
  </datafield>
  <datafield tag="100" ind1="0" ind2=" ">
    <subfield code="a">Maitreyanātha.</subfield>
  </datafield>
  <datafield tag="245" ind1="1" ind2="0">
    <subfield code="a">ʹSer phyin mṅon rtogs rgyan rtsa ʼgrel /</subfield>
    <subfield code="c">Rje-btsun-byams-pa-mgon-pos rtsa ba mdzad, Rdza-dpal-sprul gyis ʼgrel pa brtsams.</subfield>
  </datafield>
  <datafield tag="246" ind1="3" ind2=" ">
    <subfield code="a">ʹSes rab kyi pha rol tu phrin paʼi man ṅag gi bstan bcos mṅon par rtogs paʼi rgyan ces bya ba bʹzugs so</subfield>
  </datafield>
  <datafield tag="246" ind1="1" ind2=" ">
    <subfield code="i">Chinese colophon title:</subfield>
    <subfield code="a">Hsien kuan chuang yen lun tsung i</subfield>
  </datafield>
  <datafield tag="260" ind1=" " ind2=" ">
    <subfield code="a">[Chʻeng-tu] :</subfield>
    <subfield code="b">Si-khron mi rigs dpe skrun khaṅ,</subfield>
    <subfield code="c">1997.</subfield>
  </datafield>
  <datafield tag="300" ind1=" " ind2=" ">
    <subfield code="a">3, 8, 7, 41, 628 p. ;</subfield>
    <subfield code="c">21 cm.</subfield>
  </datafield>
  <datafield tag="546" ind1=" " ind2=" ">
    <subfield code="a">In Tibetan.</subfield>
  </datafield>
  <datafield tag="500" ind1=" " ind2=" ">
    <subfield code="a">The root text and commentaries to &quot;The ornament for clear understanding,&quot; a treatise which provides the quintessential instructions of the Prajñāpāramitā (Perfection of Wisdon) sutras.</subfield>
  </datafield>
  <datafield tag="630" ind1="0" ind2="0">
    <subfield code="a">Tripiṭaka.</subfield>
    <subfield code="p">Sūtrapiṭaka.</subfield>
    <subfield code="p">Prajñāpāramitā</subfield>
    <subfield code="v">Commentaries.</subfield>
  </datafield>
  <datafield tag="650" ind1=" " ind2="0">
    <subfield code="a">Tibetan language</subfield>
    <subfield code="v">Texts.</subfield>
  </datafield>
  <datafield tag="700" ind1="0" ind2=" ">
    <subfield code="a">Maitreyanātha.</subfield>
  </datafield>
  <datafield tag="700" ind1="0" ind2=" ">
    <subfield code="a">O-rgyan-ʼjigs-med-chos-kyi-dbaṅ-po,</subfield>
    <subfield code="c">Dpal-sprul,</subfield>
    <subfield code="d">1808-</subfield>
  </datafield>
</record>