

<record xmlns="http://www.loc.gov/MARC21/slim"
xmlns:xsi="http://www.w3.org/2001/XMLSchema-instance"
xsi:schemaLocation="http://www.loc.gov/MARC21/slim
http://www.loc.gov/standards/marcxml/schema/MARC21slim.xsd">
  <leader>01423nam a22002777a 4500</leader>
  <controlfield tag="001">008150616-3</controlfield>
  <controlfield tag="005">20020606104010.5</controlfield>
  <controlfield tag="008">970904s1996    cc            000 0 tibod</controlfield>
  <datafield tag="020" ind1=" " ind2=" ">
    <subfield code="a">7542006215</subfield>
  </datafield>
  <datafield tag="035" ind1="0" ind2=" ">
    <subfield code="a">ocm42385729</subfield>
  </datafield>
  <datafield tag="043" ind1=" " ind2=" ">
    <subfield code="a">a-cc-ti</subfield>
  </datafield>
  <datafield tag="245" ind1="0" ind2="0">
    <subfield code="a">Lha-ldan sogs Dbus ʾgyur chos sde khag daṅ, Yar-kluṅ lho rgyud, Gtsaṅ stod, byaṅ Rwa-sgreṅ rgyal baʾi ʾbyuṅ gnas sogs kyi rten gnas maṅ poʾi gnas yig ṅo mtshar luṅ ston me loṅ ʹzes bya ba bʹzugs so /</subfield>
    <subfield code="c">[Mtsho sṅon ʹziṅ chen mi rigs chos lugs las don u yon lhan khaṅ gi graṅs nyuṅ mi rigs gnaʾ dpe gʹzuṅ las khaṅ nas bsgrigs].</subfield>
  </datafield>
  <datafield tag="246" ind1="1" ind2=" ">
    <subfield code="i">Chinese title in colophon:</subfield>
    <subfield code="a">Hsi-tsang ming sheng lu</subfield>
  </datafield>
  <datafield tag="246" ind1="1" ind2=" ">
    <subfield code="i">Title in colophon:</subfield>
    <subfield code="a">Dbus gtsaṅ gnas yig ṅo mtshar luṅ ston me loṅ</subfield>
  </datafield>
  <datafield tag="246" ind1="1" ind2="4">
    <subfield code="a">Dbus gtsaṅ gnas yig ṅo mtshar luṅ ston me luṅ [sic]</subfield>
  </datafield>
  <datafield tag="250" ind1=" " ind2=" ">
    <subfield code="a">Par theṡ 3.</subfield>
  </datafield>
  <datafield tag="260" ind1=" " ind2=" ">
    <subfield code="a">Zi-liṅ :</subfield>
    <subfield code="b">Mtsho-sṅon mi rigs dpe skrun khaṅ :</subfield>
    <subfield code="b">Mtsho-sṅon Źiṅ-chen Źin-hwa dpe khaṅ gis bkram,</subfield>
    <subfield code="c">1996.</subfield>
  </datafield>
  <datafield tag="300" ind1=" " ind2=" ">
    <subfield code="a">3, 45 p. ;</subfield>
    <subfield code="c">19 cm.</subfield>
  </datafield>
  <datafield tag="546" ind1=" " ind2=" ">
    <subfield code="a">In Tibetan.</subfield>
  </datafield>
  <datafield tag="520" ind1=" " ind2=" ">
    <subfield code="a">A presentation of prophesies from various religious centers in central Tibet.</subfield>
  </datafield>
  <datafield tag="650" ind1=" " ind2="0">
    <subfield code="a">Buddhism</subfield>
    <subfield code="z">China</subfield>
    <subfield code="z">Tibet Autonomous Region</subfield>
    <subfield code="x">History.</subfield>
  </datafield>
  <datafield tag="650" ind1=" " ind2="0">
    <subfield code="a">Prophecy</subfield>
    <subfield code="x">Buddhism.</subfield>
  </datafield>
  <datafield tag="650" ind1=" " ind2="0">
    <subfield code="a">Tibetan language</subfield>
    <subfield code="v">Texts.</subfield>
  </datafield>
  <datafield tag="710" ind1="1" ind2=" ">
    <subfield code="a">Mtsho sṅon ʹziṅ chen mi rigs chos lugs las don u yon lhan khaṅ gi graṅs nyuṅ mi rigs gnaʾ dpe gʹzuṅ las khaṅ nas bsgrigs.</subfield>
  </datafield>
</record>