

<record xmlns="http://www.loc.gov/MARC21/slim"
xmlns:xsi="http://www.w3.org/2001/XMLSchema-instance"
xsi:schemaLocation="http://www.loc.gov/MARC21/slim
http://www.loc.gov/standards/marcxml/schema/MARC21slim.xsd">
  <leader>01039nam a22002657a 4500</leader>
  <controlfield tag="001">008150679-1</controlfield>
  <controlfield tag="005">20090713023606.0</controlfield>
  <controlfield tag="008">981113s1998    cc a          000 0 tibod</controlfield>
  <datafield tag="020" ind1=" " ind2=" ">
    <subfield code="a">7540920807</subfield>
  </datafield>
  <datafield tag="035" ind1="0" ind2=" ">
    <subfield code="a">ocm41649979</subfield>
  </datafield>
  <datafield tag="043" ind1=" " ind2=" ">
    <subfield code="a">a-cc-ti</subfield>
  </datafield>
  <datafield tag="050" ind1="0" ind2="0">
    <subfield code="a">BQ978.A337</subfield>
    <subfield code="b">Y48 1998</subfield>
  </datafield>
  <datafield tag="100" ind1="0" ind2=" ">
    <subfield code="a">Ye-śes-rdo-rje,</subfield>
    <subfield code="c">Ñag-roṅ-pa.</subfield>
  </datafield>
  <datafield tag="245" ind1="1" ind2="0">
    <subfield code="a">Ñag-bla Padma-bdud-ʾdul gyi rnam thar daṅ mgur ʾbum bʹzugs /</subfield>
    <subfield code="c">Ye-ʹses-rdo-rjes mdzad.</subfield>
  </datafield>
  <datafield tag="246" ind1="1" ind2=" ">
    <subfield code="i">Chinese colophon title:</subfield>
    <subfield code="a">Pai-ma-tun-tu chuan chi tao ko</subfield>
  </datafield>
  <datafield tag="250" ind1=" " ind2=" ">
    <subfield code="a">Par theṅs 1.</subfield>
  </datafield>
  <datafield tag="260" ind1=" " ind2=" ">
    <subfield code="a">[Chʻeng-tu] :</subfield>
    <subfield code="b">Si-khron mi rigs dpe skrun khaṅ,</subfield>
    <subfield code="c">1998.</subfield>
  </datafield>
  <datafield tag="300" ind1=" " ind2=" ">
    <subfield code="a">3, 272 p. :</subfield>
    <subfield code="b">col. ill. ;</subfield>
    <subfield code="c">21 cm.</subfield>
  </datafield>
  <datafield tag="546" ind1=" " ind2=" ">
    <subfield code="a">In Tibetan.</subfield>
  </datafield>
  <datafield tag="520" ind1=" " ind2=" ">
    <subfield code="a">A hagiography and a collection of songs of spiritual realization of Ñag-bla Padma-bdud-ʾdul written and arranged by Ñag-roṅ-pa Ye-śes-rdo-rje.</subfield>
  </datafield>
  <datafield tag="650" ind1=" " ind2="0">
    <subfield code="a">Rdzogs-chen.</subfield>
  </datafield>
  <datafield tag="600" ind1="0" ind2="0">
    <subfield code="a">Padma-bdud-ʼdul,</subfield>
    <subfield code="c">Ñag-bla,</subfield>
    <subfield code="d">1816-1872.</subfield>
  </datafield>
  <datafield tag="650" ind1=" " ind2="0">
    <subfield code="a">Rñiṅ-ma-pa lamas</subfield>
    <subfield code="z">China</subfield>
    <subfield code="z">Tibet Autonomous Region</subfield>
    <subfield code="v">Biography.</subfield>
  </datafield>
  <datafield tag="700" ind1="0" ind2=" ">
    <subfield code="a">Padma-bdud-ʼdul,</subfield>
    <subfield code="c">Ñag-bla,</subfield>
    <subfield code="d">1816-1872.</subfield>
  </datafield>
</record>