

<record xmlns="http://www.loc.gov/MARC21/slim"
xmlns:xsi="http://www.w3.org/2001/XMLSchema-instance"
xsi:schemaLocation="http://www.loc.gov/MARC21/slim
http://www.loc.gov/standards/marcxml/schema/MARC21slim.xsd">
  <leader>01299njm a2200301ua 4500</leader>
  <controlfield tag="001">008162851-X</controlfield>
  <controlfield tag="005">20020606104010.5</controlfield>
  <controlfield tag="008">990817s1974    cauzz    hi      0  tib d</controlfield>
  <datafield tag="028" ind1="0" ind2="1">
    <subfield code="b">Dorje Ling</subfield>
    <subfield code="a">76965</subfield>
  </datafield>
  <datafield tag="028" ind1="0" ind2="2">
    <subfield code="b">Dorje Ling</subfield>
  </datafield>
  <datafield tag="033" ind1="2" ind2=" ">
    <subfield code="a">1969----</subfield>
    <subfield code="a">1970----</subfield>
  </datafield>
  <datafield tag="035" ind1="0" ind2=" ">
    <subfield code="a">ocm05781202</subfield>
  </datafield>
  <datafield tag="035" ind1="1" ind2=" ">
    <subfield code="a">MAHS99R1129</subfield>
  </datafield>
  <datafield tag="035" ind1="1" ind2=" ">
    <subfield code="z">CUBGGLAD13425821</subfield>
  </datafield>
  <datafield tag="040" ind1=" " ind2=" ">
    <subfield code="a">UU</subfield>
    <subfield code="c">UU</subfield>
    <subfield code="d">CU</subfield>
    <subfield code="d">CStRLIN</subfield>
    <subfield code="d">MH-Mu</subfield>
  </datafield>
  <datafield tag="045" ind1=" " ind2=" ">
    <subfield code="a">x6x6</subfield>
  </datafield>
  <datafield tag="245" ind1="0" ind2="0">
    <subfield code="a">Cho-ga</subfield>
    <subfield code="h">[sound recording] :</subfield>
    <subfield code="b">Tantric and ritual music of Tibet.</subfield>
  </datafield>
  <datafield tag="260" ind1=" " ind2=" ">
    <subfield code="a">[San Rafael, Calif.] :</subfield>
    <subfield code="b">Dorje Ling, [c1974]</subfield>
  </datafield>
  <datafield tag="300" ind1=" " ind2=" ">
    <subfield code="a">1 sound disc :</subfield>
    <subfield code="b">analog, 33 1/3 rpm, stereo. ;</subfield>
    <subfield code="c">12 in.</subfield>
  </datafield>
  <datafield tag="500" ind1=" " ind2=" ">
    <subfield code="a">Technical and historical notes inside gatefold slipcase.</subfield>
  </datafield>
  <datafield tag="505" ind1="0" ind2=" ">
    <subfield code="a">Ting-sha -- Sheng-da -- Thug-je kül-wa -- Tshok-chö -- Tshok-dze chin-lap -- Lha-mü tin-chol -- Lha-sang -- Sherap nyingpö-do -- Sand-dü del-tor -- San-dü del-tor -- La-gyud sol-dep -- Chi-lu -- Mendal -- Gyuto&apos;s Mendal -- Jig-je dag-juk -- Chögyal kang-so.</subfield>
  </datafield>
  <datafield tag="518" ind1=" " ind2=" ">
    <subfield code="a">&quot;Buddhist chants and hymns recorded at Tibetan monasteries in Northern India and Nepal during the years 1969 and 1970.&quot;</subfield>
  </datafield>
  <datafield tag="650" ind1=" " ind2="0">
    <subfield code="a">Buddhist chants.</subfield>
  </datafield>
  <datafield tag="650" ind1=" " ind2="0">
    <subfield code="a">Buddhist hymns, Tibetan.</subfield>
  </datafield>
  <datafield tag="650" ind1=" " ind2="0">
    <subfield code="a">Tantric Buddhism</subfield>
    <subfield code="x">Rituals.</subfield>
  </datafield>
  <datafield tag="650" ind1=" " ind2="0">
    <subfield code="a">Tibetans</subfield>
    <subfield code="z">India</subfield>
    <subfield code="v">Music.</subfield>
  </datafield>
  <datafield tag="650" ind1=" " ind2="0">
    <subfield code="a">Tibetans</subfield>
    <subfield code="z">Nepal</subfield>
    <subfield code="v">Music.</subfield>
  </datafield>
</record>