

<record xmlns="http://www.loc.gov/MARC21/slim"
xmlns:xsi="http://www.w3.org/2001/XMLSchema-instance"
xsi:schemaLocation="http://www.loc.gov/MARC21/slim
http://www.loc.gov/standards/marcxml/schema/MARC21slim.xsd">
  <leader>00977nam a22002537a 4500</leader>
  <controlfield tag="001">008170086-5</controlfield>
  <controlfield tag="005">20020606104010.5</controlfield>
  <controlfield tag="008">980903s1998    cc            000 0 tibod</controlfield>
  <datafield tag="020" ind1=" " ind2=" ">
    <subfield code="a">7105030135</subfield>
  </datafield>
  <datafield tag="035" ind1="0" ind2=" ">
    <subfield code="a">ocm42356769</subfield>
  </datafield>
  <datafield tag="050" ind1="0" ind2="0">
    <subfield code="a">PL3748.G425</subfield>
    <subfield code="b">L48 1998</subfield>
  </datafield>
  <datafield tag="130" ind1="0" ind2=" ">
    <subfield code="a">Gesar.</subfield>
    <subfield code="p">Lha gliṅ</subfield>
  </datafield>
  <datafield tag="245" ind1="1" ind2="0">
    <subfield code="a">Gliṅ rje Ge-sar rgyal poʾi sgruṅ :</subfield>
    <subfield code="b">Lha gliṅ gab tse dgu skor /</subfield>
    <subfield code="c">sgruṅ mkhan Grags-pa ; Bod-ljoṅs slob che Ge-sar źib ʾjug khaṅ nas bsgrigs.</subfield>
  </datafield>
  <datafield tag="246" ind1="1" ind2=" ">
    <subfield code="i">Chinese title in colophon:</subfield>
    <subfield code="a">Cha-pa chiang shu Ko-sa-erh wang chuan : hsien chieh chan pu chiu tsang</subfield>
  </datafield>
  <datafield tag="246" ind1="3" ind2="0">
    <subfield code="a">Lha gliṅ gab tse dgu skor</subfield>
  </datafield>
  <datafield tag="246" ind1="1" ind2="4">
    <subfield code="a">Grags-pas bśad paʾi gliṅ Ge-sar rgyal poʾi sgruṅ.</subfield>
    <subfield code="p">Lha gliṅ gab tse dgu skor</subfield>
  </datafield>
  <datafield tag="250" ind1=" " ind2=" ">
    <subfield code="a">Par theṅs 1.</subfield>
  </datafield>
  <datafield tag="260" ind1=" " ind2=" ">
    <subfield code="a">Pe-cin :</subfield>
    <subfield code="b">Mi rigs dpe skrun khaṅ,</subfield>
    <subfield code="c">1998.</subfield>
  </datafield>
  <datafield tag="300" ind1=" " ind2=" ">
    <subfield code="a">2, 82 p. ;</subfield>
    <subfield code="c">21 cm.</subfield>
  </datafield>
  <datafield tag="546" ind1=" " ind2=" ">
    <subfield code="a">In Tibetan.</subfield>
  </datafield>
  <datafield tag="650" ind1=" " ind2="0">
    <subfield code="a">Gesar (Legendary character)</subfield>
  </datafield>
  <datafield tag="700" ind1="0" ind2=" ">
    <subfield code="a">Grags-pa,</subfield>
    <subfield code="d">1902-</subfield>
  </datafield>
  <datafield tag="710" ind1="2" ind2=" ">
    <subfield code="a">Bod-ljoṅs slob che.</subfield>
    <subfield code="b">Ge-sar źib ʾjug khaṅ.</subfield>
  </datafield>
</record>