

<record xmlns="http://www.loc.gov/MARC21/slim"
xmlns:xsi="http://www.w3.org/2001/XMLSchema-instance"
xsi:schemaLocation="http://www.loc.gov/MARC21/slim
http://www.loc.gov/standards/marcxml/schema/MARC21slim.xsd">
  <leader>00764nam a2200229 a 4500</leader>
  <controlfield tag="001">008170172-1</controlfield>
  <controlfield tag="005">20020606104010.5</controlfield>
  <controlfield tag="008">981113s1984    cc a          000 0 tibod</controlfield>
  <datafield tag="035" ind1="0" ind2=" ">
    <subfield code="a">ocm42356791</subfield>
  </datafield>
  <datafield tag="041" ind1="0" ind2=" ">
    <subfield code="a">tibchi</subfield>
  </datafield>
  <datafield tag="043" ind1=" " ind2=" ">
    <subfield code="a">a-cc-ti</subfield>
  </datafield>
  <datafield tag="245" ind1="1" ind2="0">
    <subfield code="a">Bod kyi grum ze /</subfield>
    <subfield code="c">Bod-raṅ-skyoṅ-ljoṅs lag ʹses bzo las do dam cus kyis gtso sgrig byas pa = Hsi-tsang chung-ssu</subfield>
  </datafield>
  <datafield tag="246" ind1="3" ind2="1">
    <subfield code="a">Hsi-tsang chung-ssu.</subfield>
  </datafield>
  <datafield tag="260" ind1=" " ind2=" ">
    <subfield code="a">Lha-sa :</subfield>
    <subfield code="b">Rtsom sgrig byas nas skrun pa,</subfield>
    <subfield code="c">1984.</subfield>
  </datafield>
  <datafield tag="300" ind1=" " ind2=" ">
    <subfield code="a">146 p. :</subfield>
    <subfield code="b">ill. (some col.) ;</subfield>
    <subfield code="c">26 cm.</subfield>
  </datafield>
  <datafield tag="546" ind1=" " ind2=" ">
    <subfield code="a">Tibetan and Chinese.</subfield>
  </datafield>
  <datafield tag="650" ind1=" " ind2="0">
    <subfield code="a">Weaving</subfield>
    <subfield code="z">China</subfield>
    <subfield code="z">Tibet Autonomous Region.</subfield>
  </datafield>
  <datafield tag="650" ind1=" " ind2="0">
    <subfield code="a">Rugs, Oriental</subfield>
    <subfield code="z">China</subfield>
    <subfield code="z">Tibet Autonomous Region.</subfield>
  </datafield>
  <datafield tag="650" ind1=" " ind2="0">
    <subfield code="a">Art</subfield>
    <subfield code="z">China</subfield>
    <subfield code="z">Tibet Autonomous Region.</subfield>
  </datafield>
  <datafield tag="710" ind1="0" ind2=" ">
    <subfield code="a">Bod-raṅ-skyoṅ-ljoṅs lag ʹses bzo las do dam cus.</subfield>
  </datafield>
</record>