

<record xmlns="http://www.loc.gov/MARC21/slim"
xmlns:xsi="http://www.w3.org/2001/XMLSchema-instance"
xsi:schemaLocation="http://www.loc.gov/MARC21/slim
http://www.loc.gov/standards/marcxml/schema/MARC21slim.xsd">
  <leader>00930njm a2200253 a 4500</leader>
  <controlfield tag="001">008178009-5</controlfield>
  <controlfield tag="005">20100721170339.0</controlfield>
  <controlfield tag="008">990907s1997    np fmnn          |  tib d</controlfield>
  <datafield tag="028" ind1="0" ind2="2">
    <subfield code="a">MH 668</subfield>
    <subfield code="b">Music Nepal</subfield>
  </datafield>
  <datafield tag="035" ind1="0" ind2=" ">
    <subfield code="a">ocm47766226</subfield>
  </datafield>
  <datafield tag="040" ind1=" " ind2=" ">
    <subfield code="a">MH-Mu</subfield>
    <subfield code="c">MH-Mu</subfield>
  </datafield>
  <datafield tag="245" ind1="0" ind2="0">
    <subfield code="a">Tibetan tunes</subfield>
    <subfield code="h">[sound recording] :</subfield>
    <subfield code="b">folk tunes = loka dhuna /</subfield>
    <subfield code="c">tune collection by Lek Den ; music arranged by Ganesh Pariyar.</subfield>
  </datafield>
  <datafield tag="260" ind1=" " ind2=" ">
    <subfield code="a">Kathmandu :</subfield>
    <subfield code="b">Music Nepal (P) Ltd.,</subfield>
    <subfield code="c">p1997.</subfield>
  </datafield>
  <datafield tag="300" ind1=" " ind2=" ">
    <subfield code="a">1 sound cassette :</subfield>
    <subfield code="b">analog, stereo.</subfield>
  </datafield>
  <datafield tag="500" ind1=" " ind2=" ">
    <subfield code="a">Title from inlay sheet.</subfield>
  </datafield>
  <datafield tag="511" ind1="0" ind2=" ">
    <subfield code="a">Ganesh Pariyar, lead instrument ; Monoher and Deepak Sunam, guitar ; J.B. Lama, flute ; Rajendra karna, rhythm ; Shishir Shresh, tungna.</subfield>
  </datafield>
  <datafield tag="520" ind1=" " ind2=" ">
    <subfield code="a">Tibetan folk songs.</subfield>
  </datafield>
  <datafield tag="650" ind1=" " ind2="0">
    <subfield code="a">Folk songs, Tibetan.</subfield>
  </datafield>
  <datafield tag="650" ind1=" " ind2="0">
    <subfield code="a">Folk music</subfield>
    <subfield code="z">China</subfield>
    <subfield code="z">Tibet Autonomous Region.</subfield>
  </datafield>
  <datafield tag="650" ind1=" " ind2="0">
    <subfield code="a">Music</subfield>
    <subfield code="z">China</subfield>
    <subfield code="z">Tibet Autonomous Region.</subfield>
  </datafield>
  <datafield tag="700" ind1="1" ind2=" ">
    <subfield code="a">Den, Lek.</subfield>
  </datafield>
  <datafield tag="700" ind1="1" ind2=" ">
    <subfield code="a">Pariyar, Ganesh.</subfield>
    <subfield code="4">arr</subfield>
  </datafield>
</record>