

<record xmlns="http://www.loc.gov/MARC21/slim"
xmlns:xsi="http://www.w3.org/2001/XMLSchema-instance"
xsi:schemaLocation="http://www.loc.gov/MARC21/slim
http://www.loc.gov/standards/marcxml/schema/MARC21slim.xsd">
  <leader>02301cjm a2200349Ia 4500</leader>
  <controlfield tag="001">008182779-2</controlfield>
  <controlfield tag="005">20020606104010.5</controlfield>
  <controlfield tag="008">991018s1999    maufmn              tib d</controlfield>
  <datafield tag="028" ind1="0" ind2="2">
    <subfield code="a">CD 5129-31</subfield>
    <subfield code="b">Rounder</subfield>
  </datafield>
  <datafield tag="028" ind1="0" ind2="2">
    <subfield code="b">Rounder</subfield>
    <subfield code="a">CD 5129-5131</subfield>
  </datafield>
  <datafield tag="035" ind1="0" ind2=" ">
    <subfield code="a">ocm42655410</subfield>
  </datafield>
  <datafield tag="040" ind1=" " ind2=" ">
    <subfield code="a">WIQ</subfield>
    <subfield code="c">WIQ</subfield>
    <subfield code="d">HMU</subfield>
  </datafield>
  <datafield tag="041" ind1="0" ind2=" ">
    <subfield code="a">tib</subfield>
    <subfield code="e">eng</subfield>
  </datafield>
  <datafield tag="245" ind1="0" ind2="4">
    <subfield code="a">The music of Tibetan Buddhism</subfield>
    <subfield code="h">[sound recording].</subfield>
  </datafield>
  <datafield tag="260" ind1=" " ind2=" ">
    <subfield code="a">Cambridge, Mass. :</subfield>
    <subfield code="b">Rounder Records,</subfield>
    <subfield code="c">[1999]</subfield>
  </datafield>
  <datafield tag="300" ind1=" " ind2=" ">
    <subfield code="a">3 sound discs :</subfield>
    <subfield code="b">digital, stereo. ;</subfield>
    <subfield code="c">4 3/4 in.</subfield>
  </datafield>
  <datafield tag="440" ind1=" " ind2="0">
    <subfield code="a">Anthology of world music</subfield>
  </datafield>
  <datafield tag="500" ind1=" " ind2=" ">
    <subfield code="a">&quot;Edited for the International Music Council by the International Institute for Comparative Music Studies and Documentation.&quot;--Booklet.</subfield>
  </datafield>
  <datafield tag="500" ind1=" " ind2=" ">
    <subfield code="a">Historical and analytical notes (25 p. : ill.) inserted in container.</subfield>
  </datafield>
  <datafield tag="500" ind1=" " ind2=" ">
    <subfield code="a">Compact discs.</subfield>
  </datafield>
  <datafield tag="505" ind1="0" ind2=" ">
    <subfield code="a">Disc l. The Nyingmapa sect. Chant asking the blessing of the Guru Drakmar. -- Instruments of the monastery orchestra. Two shawms (rGyaling) ; Two long trumpets (dung) ; Two shell-trumpets made from conches (dung-dkar) ; Two short horns (rKang-ling) ; Hand-bell (drilbu) and hand-drum (damaru) ; Cymbals (rolmo) ; Cymbals (silnyen) ; Pole-drum (rGna) ; Ritual (for attaining the qualities of) spiritual adepts. -- The Kagyupa Sect. Religious preaching (of the Lord Buddha) date the fifteenth (day of the fourth Tibetan month) ; Morning music for shawms and trumpets ; Evening music for</subfield>
  </datafield>
  <datafield tag="505" ind1="8" ind2=" ">
    <subfield code="a">shawms and trumpets ; Prayer.</subfield>
  </datafield>
  <datafield tag="505" ind1="8" ind2=" ">
    <subfield code="a">Disc 2. Sakyapa sect. History of the Sakya religion. ; Hymn for two shawms ; Great Kunga Sangpo of Ngorr ; Offering (to the God of) Sakya (through) chanting and instrumental music. -- Gelugpa sect. Invitation to (the deity) Shugden ; Auspicious shawm ; Reception shawm ; Prayer for the Dalai Lama ; Doctrine concerning the after life ; Offering.</subfield>
  </datafield>
  <datafield tag="505" ind1="8" ind2=" ">
    <subfield code="a">Disc 3. The Kagyupa sect and the Gelugpa sect. Invitation to (the deity) Khyabjug, [parts] 1 and 2 -- In praise of Dolma -- Reception music -- Medody of the eternal voice.</subfield>
  </datafield>
  <datafield tag="511" ind1="0" ind2=" ">
    <subfield code="a">Various performers.</subfield>
  </datafield>
  <datafield tag="518" ind1=" " ind2=" ">
    <subfield code="a">Recorded May 26-June 14, 1961 in Tibet by Alain Daniélou.</subfield>
  </datafield>
  <datafield tag="650" ind1=" " ind2="0">
    <subfield code="a">Buddhism</subfield>
    <subfield code="z">China</subfield>
    <subfield code="z">Tibet Autonomous Region</subfield>
    <subfield code="v">Music.</subfield>
  </datafield>
  <datafield tag="650" ind1=" " ind2="0">
    <subfield code="a">Music</subfield>
    <subfield code="z">China</subfield>
    <subfield code="z">Tibet Autonomous Region.</subfield>
  </datafield>
  <datafield tag="653" ind1=" " ind2=" ">
    <subfield code="a">Devotional music.</subfield>
  </datafield>
  <datafield tag="700" ind1="1" ind2=" ">
    <subfield code="a">Daniélou, Alain.</subfield>
  </datafield>
</record>