

<record xmlns="http://www.loc.gov/MARC21/slim"
xmlns:xsi="http://www.w3.org/2001/XMLSchema-instance"
xsi:schemaLocation="http://www.loc.gov/MARC21/slim
http://www.loc.gov/standards/marcxml/schema/MARC21slim.xsd">
  <leader>01547njm a2200277 a 4500</leader>
  <controlfield tag="001">008188398-6</controlfield>
  <controlfield tag="005">20050426090535.0</controlfield>
  <controlfield tag="008">990921s1970    nyucbnn          |  tib d</controlfield>
  <datafield tag="010" ind1=" " ind2=" ">
    <subfield code="a">   75751473</subfield>
  </datafield>
  <datafield tag="028" ind1="0" ind2="2">
    <subfield code="b">Anthology</subfield>
    <subfield code="a">AST 4005</subfield>
  </datafield>
  <datafield tag="035" ind1="0" ind2=" ">
    <subfield code="a">ocm42575537</subfield>
  </datafield>
  <datafield tag="035" ind1="1" ind2=" ">
    <subfield code="a">MAHS99R1346</subfield>
  </datafield>
  <datafield tag="035" ind1="1" ind2=" ">
    <subfield code="z">NYUG93R1129</subfield>
  </datafield>
  <datafield tag="040" ind1=" " ind2=" ">
    <subfield code="a">MH-Mu</subfield>
    <subfield code="c">MH-Mu</subfield>
  </datafield>
  <datafield tag="245" ind1="0" ind2="0">
    <subfield code="a">Tibet</subfield>
    <subfield code="h">sound recording :</subfield>
    <subfield code="b">music of the Tantric rituals.</subfield>
  </datafield>
  <datafield tag="246" ind1="3" ind2=" ">
    <subfield code="a">Music of the Tantric rituals</subfield>
  </datafield>
  <datafield tag="260" ind1=" " ind2=" ">
    <subfield code="a">New York :</subfield>
    <subfield code="b">Anthology,</subfield>
    <subfield code="c">p1970.</subfield>
  </datafield>
  <datafield tag="300" ind1=" " ind2=" ">
    <subfield code="a">1 sound disc :</subfield>
    <subfield code="b">analog, 33 1/3 rpm, stereo. ;</subfield>
    <subfield code="c">12 in.</subfield>
  </datafield>
  <datafield tag="518" ind1=" " ind2=" ">
    <subfield code="a">&quot;The recordings were made in 1968 by the lamas of Gyume (2nd work only) and Gyutö Monasteries, Lhasa, Tibet, now living in exile at the Dalhouse, North India.</subfield>
  </datafield>
  <datafield tag="500" ind1=" " ind2=" ">
    <subfield code="a">Partial texts with translations, technical, historical, and analytical notes (11 p. : ill.) by Nga Wang Lek Den, Brian Cutillo, Huston Smith, Kenneth N. Stevens, and Peter Crossley-Holland, in gatefold slipcase.</subfield>
  </datafield>
  <datafield tag="505" ind1="0" ind2=" ">
    <subfield code="a">Drumbeat to summon deities -- Guhyasamāja tantra : excerpt -- A prayer of refuge -- Invocation of mGon-po : Mahakala -- Invocation of Mahakala -- Prayer of ablution and purification -- Selections from Guhyasamāja tantra, chap. 5 -- Prayer to mGon-po : Mahakala -- Prayer to Hla-Mo -- Prayer to Chos-rGyal, Dharmaraja or Yama -- Prayer for the preservation of Buddha-Dharma -- Invocation of Mahakala -- Prayer to Mahakala.</subfield>
  </datafield>
  <datafield tag="650" ind1=" " ind2="0">
    <subfield code="a">Buddhist chants.</subfield>
  </datafield>
  <datafield tag="650" ind1=" " ind2="0">
    <subfield code="a">Tantric Buddhism</subfield>
    <subfield code="x">Rituals.</subfield>
  </datafield>
  <datafield tag="650" ind1=" " ind2="0">
    <subfield code="a">Music</subfield>
    <subfield code="z">China</subfield>
    <subfield code="z">Tibet Autonomous Region.</subfield>
  </datafield>
</record>