

<record xmlns="http://www.loc.gov/MARC21/slim"
xmlns:xsi="http://www.w3.org/2001/XMLSchema-instance"
xsi:schemaLocation="http://www.loc.gov/MARC21/slim
http://www.loc.gov/standards/marcxml/schema/MARC21slim.xsd">
  <leader>01255nam a2200229 a 4500</leader>
  <controlfield tag="001">008196266-5</controlfield>
  <controlfield tag="005">20090713024201.0</controlfield>
  <controlfield tag="008">801021s1996    ii            00010 tibod</controlfield>
  <datafield tag="035" ind1="0" ind2=" ">
    <subfield code="a">ocm43830679</subfield>
  </datafield>
  <datafield tag="100" ind1="0" ind2=" ">
    <subfield code="a">Padma-chos-rgyal,</subfield>
    <subfield code="c">ʼKhrul-źig,</subfield>
    <subfield code="d">1876-1958.</subfield>
  </datafield>
  <datafield tag="245" ind1="1" ind2="0">
    <subfield code="a">Dkar Rñiṅ gi skyes chen du maʾi Phyag Rdzogs kyi gdams ṅag gnad bsdus ñer mkho rin po cheʾi gter mdzod Rtsibs-riʾi par ma.</subfield>
  </datafield>
  <datafield tag="260" ind1=" " ind2=" ">
    <subfield code="a">[India? :</subfield>
    <subfield code="b">s.n.,</subfield>
    <subfield code="c">1996?]</subfield>
  </datafield>
  <datafield tag="300" ind1=" " ind2=" ">
    <subfield code="a">31 v. ;</subfield>
    <subfield code="c">9 x 37 cm.</subfield>
  </datafield>
  <datafield tag="500" ind1=" " ind2=" ">
    <subfield code="a">In Tibetan.</subfield>
  </datafield>
  <datafield tag="500" ind1=" " ind2=" ">
    <subfield code="a">Title from boards.</subfield>
  </datafield>
  <datafield tag="500" ind1=" " ind2=" ">
    <subfield code="a">Originally collected and arranged into a coherent structure and carved on to xylographic blocks at La-stod Rtsib-ri from 1934 through about 1958 by La-dwags Khrid-dpon ʾKhrul-źig Padma-chos-rgyal.</subfield>
  </datafield>
  <datafield tag="500" ind1=" " ind2=" ">
    <subfield code="a">Reproduced from a set of the prints from the Rtsib-ri blocks.</subfield>
  </datafield>
  <datafield tag="500" ind1=" " ind2=" ">
    <subfield code="a">The collected instructional material on the practice of the teachings of the Dkar-brgyud-pa and Rdzogs-chen traditions / collected and arranged into a coherent structure and carved on to xylographic blocks at La-stod Rtsib-ri from 1934 through about 1958 by La-dwags Khrid-dpon ʾKhrul-źig Padma-chos-rgyal.</subfield>
  </datafield>
  <datafield tag="650" ind1=" " ind2="0">
    <subfield code="a">Rdzogs-chen.</subfield>
  </datafield>
  <datafield tag="650" ind1=" " ind2="0">
    <subfield code="a">Bkaʼ-rgyud-pa (Sect)</subfield>
    <subfield code="x">Rituals.</subfield>
  </datafield>
</record>