

<record xmlns="http://www.loc.gov/MARC21/slim"
xmlns:xsi="http://www.w3.org/2001/XMLSchema-instance"
xsi:schemaLocation="http://www.loc.gov/MARC21/slim
http://www.loc.gov/standards/marcxml/schema/MARC21slim.xsd">
  <leader>02386nam a2200277 a 4500</leader>
  <controlfield tag="001">008199159-2</controlfield>
  <controlfield tag="005">20090713024224.0</controlfield>
  <controlfield tag="008">810123s1998    ii a          00010 tibod</controlfield>
  <datafield tag="035" ind1="0" ind2=" ">
    <subfield code="a">ocm78291108</subfield>
  </datafield>
  <datafield tag="100" ind1="0" ind2=" ">
    <subfield code="a">O-rgyan-ʼjigs-med-chos-kyi-dbaṅ-po,</subfield>
    <subfield code="c">Dpal-sprul,</subfield>
    <subfield code="d">1808-</subfield>
  </datafield>
  <datafield tag="240" ind1="1" ind2="0">
    <subfield code="a">Byaṅ chub sems dpai̓ spyod pa la j̕ug pai̓ sa bcad don gsal me loṅ</subfield>
  </datafield>
  <datafield tag="245" ind1="1" ind2="0">
    <subfield code="a">Byaṅ chub sems dpa&apos;i spyod pa la &apos;jug pa&apos;i sa bcad don gsal me loṅ bźugs so /</subfield>
    <subfield code="c">[dpal sprul O-rgyan-ʼjigs-med-chos-kyi-dbaṅ-po]. Byaṅ chub sems dpa&apos;i spyod pa la &apos;jug pa źes bya ba&apos;i mchan &apos;grel bźugs so / [mkhan po Gźan-phan-chos-kyi-snaṅ-ba].</subfield>
  </datafield>
  <datafield tag="246" ind1="1" ind2="4">
    <subfield code="a">Rgya gar lho phyogs maʼi sor sṅa ʼgyur rig paʼi ʼbyuṅ gnas gliṅ gi gtso bo lo rim dguʼi slob tshan rgya bod mkhas dbaṅ gis mdzad paʼi ʼgrel chen rnams kyi dbu phyogs bźugs so</subfield>
  </datafield>
  <datafield tag="260" ind1=" " ind2=" ">
    <subfield code="a">Bylakuppe, Mysore :</subfield>
    <subfield code="b">Theg mchog rnam grol bśad sgrub dar rgyas gliṅ gi bśad grwas dpar skrun źus,</subfield>
    <subfield code="c">1998.</subfield>
  </datafield>
  <datafield tag="300" ind1=" " ind2=" ">
    <subfield code="a">28, 218 p. ;</subfield>
    <subfield code="c">8 x 37 cm.</subfield>
  </datafield>
  <datafield tag="440" ind1=" " ind2="0">
    <subfield code="a">Sṅa-ʼgyur mtho slob mdo sṅags rig paʼi ʼbyuṅ gnas gliṅ gi lo rim dguʼi slob tshan ;</subfield>
    <subfield code="v">pod 2</subfield>
  </datafield>
  <datafield tag="546" ind1=" " ind2=" ">
    <subfield code="a">In Tibetan, with English prefatory material.</subfield>
  </datafield>
  <datafield tag="500" ind1=" " ind2=" ">
    <subfield code="a">Includes text of Śāntideva&apos;s Bodhicaryāvatāra.</subfield>
  </datafield>
  <datafield tag="500" ind1=" " ind2=" ">
    <subfield code="a">&quot;Byang chub sems dpai̓ spyod pa la j̕ug pai̓ sa bcad don gsal me long, analytic table of contents of Shantideva&apos;s Bodhicaryavatara / by Patrul Rinpoche Orgyen Jigme Chökyi Wangpo (dpal sprul o rgyan j̓igs med chos kyi dbang po, 1808-1887)&quot; &quot;Byang chub sems dpai̓ spyod pa la j̕ug pai̓ mchan ģrel, word to word commentary of the Bodhicaryavatura, by Shenphen Jampai Gocha (gzan phan byams pai̓ go cha), better known [as] Khenpo Shenphen Chōkyi Nangwa (mkhan po gzhan phan chos kyi snang ba, 1871-1927), or Khenpo Shenga (gzhan dga)̓&quot;--English prefatory material.</subfield>
  </datafield>
  <datafield tag="500" ind1=" " ind2=" ">
    <subfield code="a">&quot;Rgya gar lho phyogs Maʼi sor Sṅa ʼgyur mtho slob mdo sṅags rig pa&apos;i &apos;byuṅ gnas gliṅ gi gtso wo lo rim dgu&apos;i slob tsan rgya bod mkhas dbaṅ gis mdzad pa&apos;i &apos;grel chen rnams kyi dbu phyogs bźugs so&quot;--Prelim. p. 1.</subfield>
  </datafield>
  <datafield tag="600" ind1="0" ind2="0">
    <subfield code="a">Śāntideva,</subfield>
    <subfield code="d">active 7th century.</subfield>
    <subfield code="t">Bodhicaryāvatāra.</subfield>
  </datafield>
  <datafield tag="700" ind1="0" ind2="2">
    <subfield code="a">Gźan-phan-chos-kyi-snaṅ-ba,</subfield>
    <subfield code="c">Gźan-dgaʼ,</subfield>
    <subfield code="d">1871-1927.</subfield>
    <subfield code="t">Byaṅ chub sems dpa&apos;i spyod pa la &apos;jug pa&apos;i mchan &apos;grel.</subfield>
  </datafield>
  <datafield tag="700" ind1="0" ind2="2">
    <subfield code="a">Śāntideva,</subfield>
    <subfield code="d">active 7th century.</subfield>
    <subfield code="t">Bodhicaryāvatāra.</subfield>
    <subfield code="l">Tibetan.</subfield>
  </datafield>
  <datafield tag="740" ind1="0" ind2="2">
    <subfield code="a">Byaṅ chub sems dpai̓ spyod pa la j̕ug pai̓ mchan g̕rel.</subfield>
  </datafield>
</record>