

<record xmlns="http://www.loc.gov/MARC21/slim"
xmlns:xsi="http://www.w3.org/2001/XMLSchema-instance"
xsi:schemaLocation="http://www.loc.gov/MARC21/slim
http://www.loc.gov/standards/marcxml/schema/MARC21slim.xsd">
  <leader>01342nam a22002415a 4500</leader>
  <controlfield tag="001">008199650-0</controlfield>
  <controlfield tag="005">20020606104010.5</controlfield>
  <controlfield tag="008">900913s1998    ii            000 0 tibod</controlfield>
  <datafield tag="035" ind1="0" ind2=" ">
    <subfield code="a">ocn235972239</subfield>
  </datafield>
  <datafield tag="100" ind1="0" ind2=" ">
    <subfield code="a">Mi-pham-rgya-mtsho,</subfield>
    <subfield code="c">ʾJam-mgon ʾJu,</subfield>
    <subfield code="d">1846-1912.</subfield>
  </datafield>
  <datafield tag="240" ind1="1" ind2="0">
    <subfield code="a">Mkhas ʾjug</subfield>
  </datafield>
  <datafield tag="245" ind1="1" ind2="0">
    <subfield code="a">Mkhas ʾjug gi sdom byaṅ bźugs so. Mkhas paʾi tshul la ʾjug paʾi sgo źes bya baʾi bstan bcos bźugs so /</subfield>
    <subfield code="c">by Lama Mipham (mi pham phyogs las rnam rgyal).</subfield>
  </datafield>
  <datafield tag="246" ind1="3" ind2=" ">
    <subfield code="a">Mkhas paʾi tshul la ʾjug paʾi sgo źes bya baʾi bstan bcos</subfield>
  </datafield>
  <datafield tag="246" ind1="1" ind2="4">
    <subfield code="a">Rgya gar lho phyofs ma&apos;i sor sṅa &apos;gyur mtho slob mdo sṅags rig pa&apos;i &apos;byuṅ gnas fliṅ gi gtso bo lo rim dgu&apos;i slob thsan rgya bod mkhas dbaṅ gis mdzad pa&apos;i &apos;grel chen rnams kyi dbu phyogs bźugs so</subfield>
  </datafield>
  <datafield tag="260" ind1=" " ind2=" ">
    <subfield code="a">Bylakuppe, Mysore :</subfield>
    <subfield code="b">Theg mchog rnam grol bśad sgrub dar rgyas gliṅ gi bśad grwas dpar skrun źus,</subfield>
    <subfield code="c">1998.</subfield>
  </datafield>
  <datafield tag="300" ind1=" " ind2=" ">
    <subfield code="a">49, 319 p. ;</subfield>
    <subfield code="c">7 3/49 x 36 1/2 cm.</subfield>
  </datafield>
  <datafield tag="440" ind1=" " ind2="|">
    <subfield code="a">Sṅa-ʾgyur mtho slob mdo sṅags rig pai̓ b̓yuṅ gnas glin̓ gi lo rim dguʾi slob tshan ;</subfield>
    <subfield code="v">pod 3</subfield>
  </datafield>
  <datafield tag="500" ind1=" " ind2=" ">
    <subfield code="a">In Tibetan.</subfield>
  </datafield>
  <datafield tag="500" ind1=" " ind2=" ">
    <subfield code="a">&quot;Mkhas ʾjug gyi sdom byang and Mkhas paʾi tshul la ʾjug paʾi sgo zhes bya baʾi bstan bcos by Lama Mipham (mi pham phyogs las rnam rgyal, 1846-1912)&quot;--English t.p.</subfield>
  </datafield>
  <datafield tag="650" ind1=" " ind2="0">
    <subfield code="a">Mahayana Buddhism</subfield>
    <subfield code="x">Doctrines.</subfield>
  </datafield>
  <datafield tag="710" ind1="2" ind2=" ">
    <subfield code="a">Ngagyur Nyingma Institute.</subfield>
  </datafield>
</record>