

<record xmlns="http://www.loc.gov/MARC21/slim"
xmlns:xsi="http://www.w3.org/2001/XMLSchema-instance"
xsi:schemaLocation="http://www.loc.gov/MARC21/slim
http://www.loc.gov/standards/marcxml/schema/MARC21slim.xsd">
  <leader>01248nam a22002175i 4500</leader>
  <controlfield tag="001">008199746-9</controlfield>
  <controlfield tag="005">20020606104010.5</controlfield>
  <controlfield tag="008">800425s1998    ii            000 0 tibod</controlfield>
  <datafield tag="035" ind1="0" ind2=" ">
    <subfield code="a">ocn237737040</subfield>
  </datafield>
  <datafield tag="100" ind1="0" ind2=" ">
    <subfield code="a">Mi-pham-rgya-mtsho,</subfield>
    <subfield code="c">ʾJam-mgon ʾJu,</subfield>
    <subfield code="d">1846-1912.</subfield>
  </datafield>
  <datafield tag="245" ind1="1" ind2="0">
    <subfield code="a">Dbu ma rgyan gyi rnam bśad ʾJam dbyaṅs bla ma dgyes paʾi źal luṅ źes bya ba bźugs so /</subfield>
    <subfield code="c">[bla ma mi pham phyogs las rnam rgyal].</subfield>
  </datafield>
  <datafield tag="246" ind1="3" ind2=" ">
    <subfield code="a">Dbu ma rgyan gyi rnam bshad ʾJam dbyangs bla ma dgyes paʾi zhal lung</subfield>
  </datafield>
  <datafield tag="246" ind1="1" ind2="4">
    <subfield code="a">Rgya gar lho phyogs ma&apos;i sor sṅa &apos;gyur mtho slob mdo sṅags rig pa&apos;i &apos;byṅ gnas gliṅ gi gtso bo lo rim dgu&apos;i slob tshan rgya bod mkhas dbaṅ gis mdzad pa&apos;i &apos;grel chen rnams kyi dbu phyogs bźugs so</subfield>
  </datafield>
  <datafield tag="260" ind1=" " ind2=" ">
    <subfield code="a">Bylakuppe, Mysore :</subfield>
    <subfield code="b">Theg mchog rnam grol bśad sgrub dar rgyas gliṅ gi bśad grwas dpar skrun źus,</subfield>
    <subfield code="c">1998.</subfield>
  </datafield>
  <datafield tag="300" ind1=" " ind2=" ">
    <subfield code="a">418 p. ;</subfield>
    <subfield code="c">7 3/4 x 36 1/2 cm.</subfield>
  </datafield>
  <datafield tag="440" ind1=" " ind2="|">
    <subfield code="a">Sṅa ʾgyur mtho slob mdo sṅags rig paʾi ʾbyuṅ gnas gliṅ gi lo rim dguʾi slob tshan ;</subfield>
    <subfield code="v">pod 4</subfield>
  </datafield>
  <datafield tag="500" ind1=" " ind2=" ">
    <subfield code="a">In Tibetan.</subfield>
  </datafield>
  <datafield tag="500" ind1=" " ind2=" ">
    <subfield code="a">&quot;Dbu ma rgyan gyi rnam bshad ʾJam dbyangs bla ma dgyes paʾi zhal lung by bla ma mi pham phyogs las rnam rgyal, 1846-1912&quot;--English t.p.</subfield>
  </datafield>
  <datafield tag="600" ind1="0" ind2="0">
    <subfield code="a">Śāntarakṣita,</subfield>
    <subfield code="d">705-762.</subfield>
    <subfield code="t">Madhyamakālaṅkāra.</subfield>
  </datafield>
</record>