

<record xmlns="http://www.loc.gov/MARC21/slim"
xmlns:xsi="http://www.w3.org/2001/XMLSchema-instance"
xsi:schemaLocation="http://www.loc.gov/MARC21/slim
http://www.loc.gov/standards/marcxml/schema/MARC21slim.xsd">
  <leader>00896nam a2200229 a 4500</leader>
  <controlfield tag="001">008200486-2</controlfield>
  <controlfield tag="005">20020606104010.5</controlfield>
  <controlfield tag="008">830505s1998    ii a          00010 tib d</controlfield>
  <datafield tag="035" ind1="0" ind2=" ">
    <subfield code="a">ocm44065534</subfield>
  </datafield>
  <datafield tag="100" ind1="0" ind2=" ">
    <subfield code="a">Mi-bskyod-rdo-rje,</subfield>
    <subfield code="c">Karma-pa VIII,</subfield>
    <subfield code="d">1507-1554.</subfield>
  </datafield>
  <datafield tag="245" ind1="1" ind2="0">
    <subfield code="a">Chos mgnon paʾi mdzod kyi ʾgrel pa rgyas par spros pa Grub bdeʾi dpyid ʾjo zhes bya ba /</subfield>
    <subfield code="c">by the Eighth Karma-pa Mi-bskyod-rdo-rje.</subfield>
  </datafield>
  <datafield tag="246" ind1="3" ind2="0">
    <subfield code="a">Grub bdeʾi dpyid ʾjo</subfield>
  </datafield>
  <datafield tag="246" ind1="1" ind2=" ">
    <subfield code="i">Title in standard transliteration:</subfield>
    <subfield code="a">Chos mṅon paʾi mdzod kyi ʾgrel pa rgyas par spros pa Grub bdeʾi dpyid ʾjo</subfield>
  </datafield>
  <datafield tag="260" ind1=" " ind2=" ">
    <subfield code="a">Delhi :</subfield>
    <subfield code="b">Konchog Lhadrepa,</subfield>
    <subfield code="c">1998.</subfield>
  </datafield>
  <datafield tag="300" ind1=" " ind2=" ">
    <subfield code="a">2 v. ;</subfield>
    <subfield code="b">ill. ;</subfield>
    <subfield code="c">8 x 49 cm.</subfield>
  </datafield>
  <datafield tag="490" ind1="1" ind2=" ">
    <subfield code="a">Karṭik ;</subfield>
    <subfield code="v">glegs bam 1-2 =</subfield>
    <subfield code="a">Kartik ;</subfield>
    <subfield code="v">v. 1-2</subfield>
  </datafield>
  <datafield tag="546" ind1=" " ind2=" ">
    <subfield code="a">In Tibetan; pref. in English.</subfield>
  </datafield>
  <datafield tag="600" ind1="0" ind2="0">
    <subfield code="a">Vasubandhu.</subfield>
    <subfield code="t">Abhidharmakośa.</subfield>
  </datafield>
  <datafield tag="650" ind1=" " ind2="0">
    <subfield code="a">Abhidharma.</subfield>
  </datafield>
  <datafield tag="830" ind1=" " ind2="0">
    <subfield code="a">Karṭik ;</subfield>
    <subfield code="v">glegs bam 1-2.</subfield>
  </datafield>
</record>