

<record xmlns="http://www.loc.gov/MARC21/slim"
xmlns:xsi="http://www.w3.org/2001/XMLSchema-instance"
xsi:schemaLocation="http://www.loc.gov/MARC21/slim
http://www.loc.gov/standards/marcxml/schema/MARC21slim.xsd">
  <leader>02009nam a2200337 a 4500</leader>
  <controlfield tag="001">008201017-X</controlfield>
  <controlfield tag="005">20020606104010.5</controlfield>
  <controlfield tag="008">830505s1998    ii a          00010 tib d</controlfield>
  <datafield tag="035" ind1="0" ind2=" ">
    <subfield code="a">ocm44065496</subfield>
  </datafield>
  <datafield tag="100" ind1="0" ind2=" ">
    <subfield code="a">Mi-bskyod-rdo-rje,</subfield>
    <subfield code="c">Karma-pa VIII,</subfield>
    <subfield code="d">1507-1554.</subfield>
  </datafield>
  <datafield tag="245" ind1="1" ind2="0">
    <subfield code="a">Śes rab kyi pha rol tu phyin paʾi luṅ chos mthaʾ dag gi bdud rtsiʾi sñiṅ por gyur pa gaṅ la ldan paʾi gźi rje btsun mchog tu dgyes par ṅal gso baʾi yoṅs ʾdus brtol gyi ljon pa rgyas pa źes bya ba /</subfield>
    <subfield code="c">[by the eighth Karma pa Mi-bskyod-rdo-rje].</subfield>
  </datafield>
  <datafield tag="246" ind1="1" ind2=" ">
    <subfield code="i">Title in standard transliteration for vol. 1:</subfield>
    <subfield code="a">Śer phyin mṅon rtogs rgyan gyi bstan bcos rgyas ʾgrel</subfield>
  </datafield>
  <datafield tag="246" ind1="1" ind2=" ">
    <subfield code="i">Title in standard transliteration for vol. 2:</subfield>
    <subfield code="a">Mṅon par rtogs paʾi rgyan ces bya ba las skabs daṅ po la bltos paʾi ʾgrel pa</subfield>
  </datafield>
  <datafield tag="246" ind1="3" ind2="0">
    <subfield code="a">Rje btsun ṅal gso</subfield>
  </datafield>
  <datafield tag="260" ind1="0" ind2=" ">
    <subfield code="a">Delhi :</subfield>
    <subfield code="b">Konchog Lhadrepa,</subfield>
    <subfield code="c">1998.</subfield>
  </datafield>
  <datafield tag="300" ind1=" " ind2=" ">
    <subfield code="a">2 v. ;</subfield>
    <subfield code="b">ill. ;</subfield>
    <subfield code="c">8 x 49 cm.</subfield>
  </datafield>
  <datafield tag="490" ind1="1" ind2=" ">
    <subfield code="a">Karṭik ;</subfield>
    <subfield code="v">glegs bam 3-4 =</subfield>
    <subfield code="a">Kartik ;</subfield>
    <subfield code="v">v. 3-4</subfield>
  </datafield>
  <datafield tag="546" ind1=" " ind2=" ">
    <subfield code="a">In Tibetan; pref. in English.</subfield>
  </datafield>
  <datafield tag="500" ind1=" " ind2=" ">
    <subfield code="a">On the subject of the seventy divisions of the eight realizations.</subfield>
  </datafield>
  <datafield tag="500" ind1=" " ind2=" ">
    <subfield code="a">Title from boards.</subfield>
  </datafield>
  <datafield tag="500" ind1=" " ind2=" ">
    <subfield code="a">&quot;Exegesis of the abhisamayalankara prajna paramita literature in Tibet&quot;--Pref.</subfield>
  </datafield>
  <datafield tag="500" ind1=" " ind2=" ">
    <subfield code="a">Reproduced from a print from the dpal spungs blocks.</subfield>
  </datafield>
  <datafield tag="505" ind1="0" ind2="0">
    <subfield code="g">v. 1.</subfield>
    <subfield code="t">Śer phyin mṅon rtogs rgyan gyi bstan bcos rgyas ʾgrel : a detailed commentary on the prajna paramita literature in Tibet --</subfield>
    <subfield code="g">. v. 2.</subfield>
    <subfield code="t">Mṅon par rtogs paʾi rgyan ces bya ba las skabs daṅ po la bltos paʾi ʾgrel pa.</subfield>
  </datafield>
  <datafield tag="630" ind1="0" ind2="0">
    <subfield code="a">Abhisamayālaṅkāra.</subfield>
  </datafield>
  <datafield tag="630" ind1="0" ind2="0">
    <subfield code="a">Tripiṭaka.</subfield>
    <subfield code="p">Sūtrapiṭaka.</subfield>
    <subfield code="p">Prajñāpāramitā.</subfield>
    <subfield code="p">Pañcaviṃśatisāhasrikā</subfield>
    <subfield code="v">Commentaries.</subfield>
  </datafield>
  <datafield tag="740" ind1="0" ind2="2">
    <subfield code="a">Sher phyin mngon rtogs rgyan gyi bstan bcos rgyas ģrel : a detailed commentary on the prajna paramita literature in Tibet.</subfield>
  </datafield>
  <datafield tag="740" ind1="0" ind2="2">
    <subfield code="a">Mngon par rtogs pa&apos;i rgyan ces bya ba las skabs dang po la bltos pa&apos;i &apos;grel pa.</subfield>
  </datafield>
  <datafield tag="700" ind1="0" ind2=" ">
    <subfield code="a">Maitreyanātha.</subfield>
  </datafield>
  <datafield tag="830" ind1=" " ind2="0">
    <subfield code="a">Karṭik ;</subfield>
    <subfield code="v">glegs bam 3-4.</subfield>
  </datafield>
</record>