

<record xmlns="http://www.loc.gov/MARC21/slim"
xmlns:xsi="http://www.w3.org/2001/XMLSchema-instance"
xsi:schemaLocation="http://www.loc.gov/MARC21/slim
http://www.loc.gov/standards/marcxml/schema/MARC21slim.xsd">
  <leader>01047nam a2200241 a 4500</leader>
  <controlfield tag="001">008201093-5</controlfield>
  <controlfield tag="005">20020606104010.5</controlfield>
  <controlfield tag="008">830507s1998    ii a          000 0 tibod</controlfield>
  <datafield tag="035" ind1="0" ind2=" ">
    <subfield code="a">ocm44065495</subfield>
  </datafield>
  <datafield tag="100" ind1="0" ind2=" ">
    <subfield code="a">Mi-bskyod-rdo-rje,</subfield>
    <subfield code="c">Karma-pa VIII,</subfield>
    <subfield code="d">1507-1554.</subfield>
  </datafield>
  <datafield tag="240" ind1="1" ind2="0">
    <subfield code="a">Dwags brgyud grub paʾi śiṅ rta</subfield>
  </datafield>
  <datafield tag="245" ind1="1" ind2="0">
    <subfield code="a">Dbu ma la ʾjug paʾi rnam bhsad Dpal ldan dus gsum mkhyen paʾi zhal lung Dwags brgyud grub paʾi shing rta /</subfield>
    <subfield code="c">compiled by the eighth rgyal dbang karma-pa Mi-bskyod-rdo-rje.</subfield>
  </datafield>
  <datafield tag="246" ind1="1" ind2=" ">
    <subfield code="i">Title in standard transliteration:</subfield>
    <subfield code="a">Dbu ma la ʾjug paʾi rnam bśad Dpal ldan dus gsum mkhyen paʾi źal luṅ Dwags brgyud grub paʾi śiṅ rta</subfield>
  </datafield>
  <datafield tag="260" ind1=" " ind2=" ">
    <subfield code="a">Delhi :</subfield>
    <subfield code="b">Konchog Lhadrepa,</subfield>
    <subfield code="c">1998.</subfield>
  </datafield>
  <datafield tag="300" ind1=" " ind2=" ">
    <subfield code="a">806 p. :</subfield>
    <subfield code="b">ill. ;</subfield>
    <subfield code="c">8 x 49 cm.</subfield>
  </datafield>
  <datafield tag="490" ind1="1" ind2=" ">
    <subfield code="a">Karṭik ;</subfield>
    <subfield code="v">glegs bam 5 =</subfield>
    <subfield code="a">Kartik ;</subfield>
    <subfield code="v">v. 5</subfield>
  </datafield>
  <datafield tag="500" ind1=" " ind2=" ">
    <subfield code="a">In Tibetan; English colophon and t.p.</subfield>
  </datafield>
  <datafield tag="500" ind1=" " ind2=" ">
    <subfield code="a">Romanized title from English t.p.</subfield>
  </datafield>
  <datafield tag="600" ind1="0" ind2="0">
    <subfield code="a">Candrakīrti.</subfield>
    <subfield code="t">Madhyamakāvatāra.</subfield>
  </datafield>
  <datafield tag="650" ind1=" " ind2="0">
    <subfield code="a">Mādhyamika (Buddhism)</subfield>
  </datafield>
  <datafield tag="830" ind1=" " ind2="0">
    <subfield code="a">Karṭik ;</subfield>
    <subfield code="v">glegs bam 5.</subfield>
  </datafield>
</record>