

<record xmlns="http://www.loc.gov/MARC21/slim"
xmlns:xsi="http://www.w3.org/2001/XMLSchema-instance"
xsi:schemaLocation="http://www.loc.gov/MARC21/slim
http://www.loc.gov/standards/marcxml/schema/MARC21slim.xsd">
  <leader>01064nam a2200193 a 4500</leader>
  <controlfield tag="001">008202023-X</controlfield>
  <controlfield tag="005">20020606104010.5</controlfield>
  <controlfield tag="008">991007s1991    np a          000|0 tib d</controlfield>
  <datafield tag="035" ind1="0" ind2=" ">
    <subfield code="a">ocm44065337</subfield>
  </datafield>
  <datafield tag="245" ind1="0" ind2="0">
    <subfield code="a">gTan tshigs ghzung don sgo b̓yed rig lam bsdus grwa dang tshad ma rnam b̓yed rtsa ģrel skor gyi gsung pod bzhugs so.</subfield>
  </datafield>
  <datafield tag="246" ind1="1" ind2=" ">
    <subfield code="i">Title in standard transliteration:</subfield>
    <subfield code="a">Gtan tshigs gźuṅ don sgo b̓yed rig lam bsdus grwa daṅ tshad ma rnam b̓yed rtsa ģrel skor gyi gsuṅ pod bźugs so</subfield>
  </datafield>
  <datafield tag="260" ind1=" " ind2=" ">
    <subfield code="a">Kathmandu, Nepal :</subfield>
    <subfield code="b">Tritan Norbutse Bon Education Centre,</subfield>
    <subfield code="c">1991.</subfield>
  </datafield>
  <datafield tag="300" ind1=" " ind2=" ">
    <subfield code="a">[4], 2, 194, 168, 103, 120, 258, 192, 156, 119, 106 p. :</subfield>
    <subfield code="b">ill. ;</subfield>
    <subfield code="c">10 x 51 cm.</subfield>
  </datafield>
  <datafield tag="440" ind1=" " ind2="0">
    <subfield code="a">[Bonpo texts] ;</subfield>
    <subfield code="v">vol. 1</subfield>
  </datafield>
  <datafield tag="500" ind1=" " ind2=" ">
    <subfield code="a">&quot;This volume has nine texts, all belonging to Sutra class. Text[s] &quot;ka&quot; through &quot;ja&quot; are about the elementary art of debate called bsdus grwa. Text[s] &quot;nya&quot; through &quot;ta&quot; are on logic (tshad ma), and text &quot;tha&quot; on mind...&quot;--Pref.</subfield>
  </datafield>
  <datafield tag="650" ind1=" " ind2="0">
    <subfield code="a">Bon (Tibetan religion)</subfield>
    <subfield code="x">Doctrines.</subfield>
  </datafield>
  <datafield tag="710" ind1="2" ind2=" ">
    <subfield code="a">Tritan Norbutse Bon Education Centre.</subfield>
  </datafield>
</record>