

<record xmlns="http://www.loc.gov/MARC21/slim"
xmlns:xsi="http://www.w3.org/2001/XMLSchema-instance"
xsi:schemaLocation="http://www.loc.gov/MARC21/slim
http://www.loc.gov/standards/marcxml/schema/MARC21slim.xsd">
  <leader>01694nam a2200193 a 4500</leader>
  <controlfield tag="001">008202400-6</controlfield>
  <controlfield tag="005">20020606104010.5</controlfield>
  <controlfield tag="008">991007s1991    np a          000|0 tib d</controlfield>
  <datafield tag="035" ind1="0" ind2=" ">
    <subfield code="a">ocm44065333</subfield>
  </datafield>
  <datafield tag="245" ind1="0" ind2="0">
    <subfield code="a">Sa lam rnam b̓yed P̓hrul sgron rtsa ģrel theg chen gzhi lam b̓ras bu rtsa ģrel dbu ma rtsa &apos;grel skor gyi gsung Pod bzhugs.</subfield>
  </datafield>
  <datafield tag="246" ind1="1" ind2=" ">
    <subfield code="i">Title in standard transliteration:</subfield>
    <subfield code="a">Sa lam rnam ʾbyed ʾphrul sgron rtsa ʾgrel theg chen gźi lam ʾbras bu rtsa ʾgrel dbu ma rtsa ʾgrel skor gyi gsuṅs pod bźungs</subfield>
  </datafield>
  <datafield tag="260" ind1=" " ind2=" ">
    <subfield code="a">Kathmandu, Nepal :</subfield>
    <subfield code="b">Tritan Norbutse Bon Education Centre,</subfield>
    <subfield code="c">1991.</subfield>
  </datafield>
  <datafield tag="300" ind1=" " ind2=" ">
    <subfield code="a">1 v. (various pagings) :</subfield>
    <subfield code="b">ill. ;</subfield>
    <subfield code="c">10 x 51 cm.</subfield>
  </datafield>
  <datafield tag="440" ind1=" " ind2="0">
    <subfield code="a">[Bonpo texts] ;</subfield>
    <subfield code="v">vol. 2</subfield>
  </datafield>
  <datafield tag="500" ind1=" " ind2=" ">
    <subfield code="a">&quot;This volume has eleven texts. Text &quot;ka&quot; and &quot;kha&quot; are about the path practice (lam rim). Texts &quot;ga&quot;, &quot;nga&quot; and &quot;ca&quot; are about the paths and grounds (sa lam) of prajnaparamita practice. [The] next two texts are on madhyamika philosophy--(cha) the root text and (ja) its commentary. Text &quot;nya&quot; is a prayer called tshig bkra, recited by a candidate during his geshi ceremony. Text &quot;ta&quot; is about the difference between Bon and Buddhism. [The] next three texts are on Tibetan grammar--&quot;tha&quot; is a grammar text, &quot;da&quot; a Bon lexicon, and &quot;na&quot; is on verb forms and tense. Text &quot;pa&quot; is a Zhang-zhung-Tibetan dictionary. Text &quot;pha&quot; is about the difference between Bon rnying ma and Bon gsar ma; the author argues that there is no doctrinal difference. Texts &quot;ba&quot; and &quot;ma&quot; are on poetry. And text &quot;tsa&quot; is the personal instructions on spiritual practices by dBra-ston zla-grags&quot;--Pref.</subfield>
  </datafield>
  <datafield tag="650" ind1=" " ind2="0">
    <subfield code="a">Bon (Tibetan religion)</subfield>
    <subfield code="x">Doctrines.</subfield>
  </datafield>
  <datafield tag="710" ind1="2" ind2=" ">
    <subfield code="a">Tritan Norbutse Bon Education Centre.</subfield>
  </datafield>
</record>