

<record xmlns="http://www.loc.gov/MARC21/slim"
xmlns:xsi="http://www.w3.org/2001/XMLSchema-instance"
xsi:schemaLocation="http://www.loc.gov/MARC21/slim
http://www.loc.gov/standards/marcxml/schema/MARC21slim.xsd">
  <leader>01150nam a2200193 a 4500</leader>
  <controlfield tag="001">008203166-5</controlfield>
  <controlfield tag="005">20020606104010.5</controlfield>
  <controlfield tag="008">991007s1991    np a          000|0 tib d</controlfield>
  <datafield tag="035" ind1="0" ind2=" ">
    <subfield code="a">ocm44065335</subfield>
  </datafield>
  <datafield tag="245" ind1="0" ind2="0">
    <subfield code="a">Lung mtshan nyid srid pai̓ mdzod phug rtsa ģrel dang bstan pai̓ srog shing d̓ul ba gzhung ģrel gsungs pod bzhugs so.</subfield>
  </datafield>
  <datafield tag="246" ind1="1" ind2=" ">
    <subfield code="i">Title in standard transliteration:</subfield>
    <subfield code="a">Luṅ mtshan ñid srid paʾi mdzod dPhug rtsa ʾgrel dang bstan Paʾi srog shiṅ ʾdul ba gźuṅ ʾgrel gyi gsuṅ pod gźugs so</subfield>
  </datafield>
  <datafield tag="260" ind1=" " ind2=" ">
    <subfield code="a">Kathmandu, Nepal :</subfield>
    <subfield code="b">Tritan Norbutse Bon Education Centre,</subfield>
    <subfield code="c">1991.</subfield>
  </datafield>
  <datafield tag="300" ind1=" " ind2=" ">
    <subfield code="a">1 v. (various pagings) :</subfield>
    <subfield code="b">ill. ;</subfield>
    <subfield code="c">10 x 51 cm.</subfield>
  </datafield>
  <datafield tag="440" ind1=" " ind2="0">
    <subfield code="a">[Bonpo texts] ;</subfield>
    <subfield code="v">vol. 4</subfield>
  </datafield>
  <datafield tag="500" ind1=" " ind2=" ">
    <subfield code="a">This volume has texts dealing with two different subjects--cosmology (mdzod) and monastic rules (d̓ul ba). Texts 1 and 2 are about cosmology. Text 1 has a root-text and its commentary. Text 2 is a summary written in verse for memorization. Texts 3 through 9 are about the rules for monks and nuns and the rituals performed during ordination.</subfield>
  </datafield>
  <datafield tag="650" ind1=" " ind2="0">
    <subfield code="a">Bon (Tibetan religion)</subfield>
    <subfield code="x">Doctrines.</subfield>
  </datafield>
  <datafield tag="710" ind1="2" ind2=" ">
    <subfield code="a">Tritan Norbutse Bon Education Centre.</subfield>
  </datafield>
</record>