

<record xmlns="http://www.loc.gov/MARC21/slim"
xmlns:xsi="http://www.w3.org/2001/XMLSchema-instance"
xsi:schemaLocation="http://www.loc.gov/MARC21/slim
http://www.loc.gov/standards/marcxml/schema/MARC21slim.xsd">
  <leader>01722nam a2200193 a 4500</leader>
  <controlfield tag="001">008203263-7</controlfield>
  <controlfield tag="005">20020606104010.5</controlfield>
  <controlfield tag="008">991007s1991    np a          000|0 tib d</controlfield>
  <datafield tag="035" ind1="0" ind2=" ">
    <subfield code="a">ocm44065336</subfield>
  </datafield>
  <datafield tag="245" ind1="0" ind2="0">
    <subfield code="a">Theg pai̓ rim pa mngon du bshad pi̓ [sic] mdo rgyud rtsa ģrel dang mu stegs tshar gcod gtan tshigs thigs mdo bcas bźugs.</subfield>
  </datafield>
  <datafield tag="246" ind1="1" ind2=" ">
    <subfield code="i">Title in standard transliteration:</subfield>
    <subfield code="a">Theg paʾi rim pa mṅon du bśad paʾi mdo rgyud rtsa ʾgrel daṅ mu stigs tshar gcod gtan tshigs thig mdo bcas bźugs</subfield>
  </datafield>
  <datafield tag="260" ind1=" " ind2=" ">
    <subfield code="a">Kathmandu, Nepal :</subfield>
    <subfield code="b">Tritan Norbutse Bon Education Centre,</subfield>
    <subfield code="c">1991.</subfield>
  </datafield>
  <datafield tag="300" ind1=" " ind2=" ">
    <subfield code="a">1 v.(various pagings) :</subfield>
    <subfield code="b">ill. ;</subfield>
    <subfield code="c">10 x 51 cm.</subfield>
  </datafield>
  <datafield tag="440" ind1=" " ind2="0">
    <subfield code="a">[Bonpo texts] ;</subfield>
    <subfield code="v">vol. 5</subfield>
  </datafield>
  <datafield tag="500" ind1=" " ind2=" ">
    <subfield code="a">This volume has texts dealing with all the three classes, Sutra, Tantra and Dzogchen. Text &quot;ka&quot; is a word-by-word commentary to the bilingual (Zhang-zhung and Tibetan) root-text on cosmology, Srid pai̓ mdzod phug. Text &quot;kha&quot; is a commentary to rNam rgyal khang bzang, a eulogy of mNyam-med shes-rab rgyal-mtshan (1356-1415). Text &quot;ga&quot; is about the nine yanas, consisting of a root text taught by Samboghakaya Buddha gShen-lha o̓d-dkar and its commentary taught by Nirmanakaya Buddha gShen-rab. Text &quot;nga&quot; is about the refutation of false doctrines called the doctrine of heretics. Text &quot;ca&quot; is a commentary to text &quot;nga&quot;. Text &quot;cha&quot; is about the concept of ji bzhin nyid of Dzogchen philosophy. Text &quot;ja&quot; is a summary of the entire Prajnaparamita doctrine. Text &quot;nya&quot; is about the three characteristics of the Mind only school (Vijnanavada). Lastly, text &quot;ta&quot; is a short prayer for the better spread of Bon religion.</subfield>
  </datafield>
  <datafield tag="650" ind1=" " ind2="0">
    <subfield code="a">Bon (Tibetan religion)</subfield>
    <subfield code="x">Doctrines.</subfield>
  </datafield>
  <datafield tag="710" ind1="2" ind2=" ">
    <subfield code="a">Tritan Norbutse Bon Education Centre.</subfield>
  </datafield>
</record>