

<record xmlns="http://www.loc.gov/MARC21/slim"
xmlns:xsi="http://www.w3.org/2001/XMLSchema-instance"
xsi:schemaLocation="http://www.loc.gov/MARC21/slim
http://www.loc.gov/standards/marcxml/schema/MARC21slim.xsd">
  <leader>01213nam a2200193 a 4500</leader>
  <controlfield tag="001">008203330-7</controlfield>
  <controlfield tag="005">20020606104010.5</controlfield>
  <controlfield tag="008">991007s1991    np a          000|0 tib d</controlfield>
  <datafield tag="035" ind1="0" ind2=" ">
    <subfield code="a">ocm44065332</subfield>
  </datafield>
  <datafield tag="245" ind1="0" ind2="0">
    <subfield code="a">gSang sngags gsang don rnam ʾbyed dang rtsa rgyud bsen thub ʾgrel yid bzhin rnam par bkod paʾi rgyan bzhugs so.</subfield>
  </datafield>
  <datafield tag="246" ind1="1" ind2=" ">
    <subfield code="i">Title in standard transliteration:</subfield>
    <subfield code="a">Gsaṅ sṅags gsaṅ don rnam ʾbyed daṅ rtsa rgyud bsen thub ʾgrel yid bźin rnam par bkod paʾi rgyan bźugs so</subfield>
  </datafield>
  <datafield tag="260" ind1=" " ind2=" ">
    <subfield code="a">Kathmandu, Nepal :</subfield>
    <subfield code="b">Tritan Norbutse Bon Education Centre,</subfield>
    <subfield code="c">1991.</subfield>
  </datafield>
  <datafield tag="300" ind1=" " ind2=" ">
    <subfield code="a">1 v. (various pagings) :</subfield>
    <subfield code="b">ill. ;</subfield>
    <subfield code="c">10 x 51 cm.</subfield>
  </datafield>
  <datafield tag="440" ind1=" " ind2="0">
    <subfield code="a">[Bonpo texts] ;</subfield>
    <subfield code="v">vol. 6</subfield>
  </datafield>
  <datafield tag="500" ind1=" " ind2=" ">
    <subfield code="a">The five texts in this volume are about Tantra. Text &quot;ka&quot; is the root text of tantric practice, spyi spungs, the tantra of wrathful deities. Text &quot;kha&quot; is the commentary of text &quot;ka&quot;. Text &quot;ga&quot; is about the rituals and the practice of the Deity dBal-gsas, the principle deity of spyi-spungs practice. Text &quot;nga&quot; is about mandala creation. Text &quot;ca&quot; is a summary of all tantric practices written in verses for memorization.</subfield>
  </datafield>
  <datafield tag="650" ind1=" " ind2="0">
    <subfield code="a">Bon (Tibetan religion)</subfield>
    <subfield code="x">Doctrines.</subfield>
  </datafield>
  <datafield tag="710" ind1="2" ind2=" ">
    <subfield code="a">Tritan Norbutse Bon Education Centre.</subfield>
  </datafield>
</record>