

<record xmlns="http://www.loc.gov/MARC21/slim"
xmlns:xsi="http://www.w3.org/2001/XMLSchema-instance"
xsi:schemaLocation="http://www.loc.gov/MARC21/slim
http://www.loc.gov/standards/marcxml/schema/MARC21slim.xsd">
  <leader>01068nam a2200193 a 4500</leader>
  <controlfield tag="001">008211120-0</controlfield>
  <controlfield tag="005">20020606104010.5</controlfield>
  <controlfield tag="008">991007s1991    np            000|0 tib d</controlfield>
  <datafield tag="035" ind1="0" ind2=" ">
    <subfield code="a">ocm44065334</subfield>
  </datafield>
  <datafield tag="245" ind1="0" ind2="0">
    <subfield code="a">Rdzogs pa chen po gal mdo skor dang rdzogs pa chen po drang nges sogs kyi gsungs pod bzhugs so.</subfield>
  </datafield>
  <datafield tag="246" ind1="1" ind2=" ">
    <subfield code="i">Title in standard translation:</subfield>
    <subfield code="a">Rdzogs pa chen po gal mdo skor daṅ rdzogs pa chen po draṅ ṅes sogs kyi gsuṅs pod bźugs so</subfield>
  </datafield>
  <datafield tag="260" ind1=" " ind2=" ">
    <subfield code="a">Kathmandu, Nepal :</subfield>
    <subfield code="b">Tritan Norbutse Bon Education Centre,</subfield>
    <subfield code="c">1991.</subfield>
  </datafield>
  <datafield tag="300" ind1=" " ind2=" ">
    <subfield code="a">1 v. (various pagings) ;</subfield>
    <subfield code="c">10 x 51 cm.</subfield>
  </datafield>
  <datafield tag="440" ind1=" " ind2="0">
    <subfield code="a">[Bonpo texts] ;</subfield>
    <subfield code="v">vol. 7</subfield>
  </datafield>
  <datafield tag="500" ind1=" " ind2=" ">
    <subfield code="a">The twenty texts in this volume, about the philosophy and practices of Dzogchen fall into three groups: Gal mdho tshad ma (six texts on the logic of Dzogchen philosophy), Drang don mun sel sgron ma (six texts on its spiritual practice), and Nam mkha ̓p̓hrul mdzod (eight texts on Dzogchen view and authenticity of texts).</subfield>
  </datafield>
  <datafield tag="650" ind1=" " ind2="0">
    <subfield code="a">Bon (Tibetan religion)</subfield>
    <subfield code="x">Doctrines.</subfield>
  </datafield>
  <datafield tag="710" ind1="2" ind2=" ">
    <subfield code="a">Tritan Norbutse Bon Education Centre.</subfield>
  </datafield>
</record>