

<record xmlns="http://www.loc.gov/MARC21/slim"
xmlns:xsi="http://www.w3.org/2001/XMLSchema-instance"
xsi:schemaLocation="http://www.loc.gov/MARC21/slim
http://www.loc.gov/standards/marcxml/schema/MARC21slim.xsd">
  <leader>00475njm a22001815a 4500</leader>
  <controlfield tag="001">008235373-5</controlfield>
  <controlfield tag="005">20020606104010.5</controlfield>
  <controlfield tag="008">991112s197u    xx sgnn          |  tib d</controlfield>
  <datafield tag="028" ind1="0" ind2="2">
    <subfield code="b">Ariola/Athena</subfield>
    <subfield code="a">60188</subfield>
  </datafield>
  <datafield tag="040" ind1=" " ind2=" ">
    <subfield code="a">MH-Mu</subfield>
    <subfield code="c">MH-Mu</subfield>
  </datafield>
  <datafield tag="245" ind1="0" ind2="0">
    <subfield code="a">Tibet, lieder aus dem Land der Götter</subfield>
    <subfield code="h">sound recording.</subfield>
  </datafield>
  <datafield tag="246" ind1="3" ind2=" ">
    <subfield code="a">Tibet</subfield>
  </datafield>
  <datafield tag="246" ind1="3" ind2=" ">
    <subfield code="a">Lieder aus dem Land der Gotter</subfield>
  </datafield>
  <datafield tag="650" ind1=" " ind2="0">
    <subfield code="a">Music</subfield>
    <subfield code="z">Tibet.</subfield>
  </datafield>
  <datafield tag="650" ind1=" " ind2="0">
    <subfield code="a">Songs, Tibetan.</subfield>
  </datafield>
</record>