

<record xmlns="http://www.loc.gov/MARC21/slim"
xmlns:xsi="http://www.w3.org/2001/XMLSchema-instance"
xsi:schemaLocation="http://www.loc.gov/MARC21/slim
http://www.loc.gov/standards/marcxml/schema/MARC21slim.xsd">
  <leader>01227cjm a2200313Ii 4500</leader>
  <controlfield tag="001">008317476-1</controlfield>
  <controlfield tag="005">20020909110342.0</controlfield>
  <controlfield tag="008">800808p19721971fr zzn   k          tib d</controlfield>
  <datafield tag="028" ind1="0" ind2="0">
    <subfield code="a">OCR 71</subfield>
    <subfield code="b">Ocora</subfield>
  </datafield>
  <datafield tag="035" ind1="0" ind2=" ">
    <subfield code="a">ocm06598577</subfield>
  </datafield>
  <datafield tag="040" ind1=" " ind2=" ">
    <subfield code="a">UIU</subfield>
    <subfield code="c">UIU</subfield>
    <subfield code="d">BGU</subfield>
    <subfield code="d">HMU</subfield>
  </datafield>
  <datafield tag="041" ind1="0" ind2=" ">
    <subfield code="d">mis</subfield>
    <subfield code="e">freeng</subfield>
  </datafield>
  <datafield tag="090" ind1=" " ind2=" ">
    <subfield code="a">M2188.T2</subfield>
    <subfield code="b">.M875</subfield>
  </datafield>
  <datafield tag="245" ind1="0" ind2="0">
    <subfield code="a">Musique sacreé tibetaine</subfield>
    <subfield code="h">[sound recording] /</subfield>
    <subfield code="c">enregistrements réalisés par Georges Luneau.</subfield>
  </datafield>
  <datafield tag="260" ind1=" " ind2=" ">
    <subfield code="a">France :</subfield>
    <subfield code="b">Ocora,</subfield>
    <subfield code="c">[1972?]</subfield>
  </datafield>
  <datafield tag="300" ind1=" " ind2=" ">
    <subfield code="a">1 sound disc :</subfield>
    <subfield code="b">analog, 33 1/3 rpm, stereo. ;</subfield>
    <subfield code="c">12 in.</subfield>
  </datafield>
  <datafield tag="440" ind1=" " ind2="0">
    <subfield code="a">Musiques traditionelles vivantes</subfield>
  </datafield>
  <datafield tag="500" ind1=" " ind2=" ">
    <subfield code="a">Label on container: distribution exclusive Musidisc Europe.</subfield>
  </datafield>
  <datafield tag="500" ind1=" " ind2=" ">
    <subfield code="a">Durations on labels; program notes by G. Luneau on container and bound in.</subfield>
  </datafield>
  <datafield tag="505" ind1="0" ind2=" ">
    <subfield code="a">Cérémonie de bienvenue -- Procession et &quot;rol-&apos;cham&quot; -- Rituel en l&apos;honneur de la Vénérable Yoghini de Diamant.</subfield>
  </datafield>
  <datafield tag="511" ind1="0" ind2=" ">
    <subfield code="a">Performed by Buddhists in the Khumbu province of north-east Nepal.</subfield>
  </datafield>
  <datafield tag="518" ind1=" " ind2=" ">
    <subfield code="a">Recorded June 2, 4 &amp; 6, 1971 at the Monastery of Thami.</subfield>
  </datafield>
  <datafield tag="650" ind1=" " ind2="0">
    <subfield code="a">Tantric Buddhism</subfield>
    <subfield code="x">Rituals.</subfield>
  </datafield>
  <datafield tag="650" ind1=" " ind2="0">
    <subfield code="a">Buddhist chants.</subfield>
  </datafield>
  <datafield tag="650" ind1=" " ind2="0">
    <subfield code="a">Music</subfield>
    <subfield code="z">China</subfield>
    <subfield code="z">Tibet Autonomous Region.</subfield>
  </datafield>
  <datafield tag="700" ind1="1" ind2=" ">
    <subfield code="a">Luneau, Georges.</subfield>
  </datafield>
</record>