

<record xmlns="http://www.loc.gov/MARC21/slim"
xmlns:xsi="http://www.w3.org/2001/XMLSchema-instance"
xsi:schemaLocation="http://www.loc.gov/MARC21/slim
http://www.loc.gov/standards/marcxml/schema/MARC21slim.xsd">
  <leader>01286cjm a2200325Ia 4500</leader>
  <controlfield tag="001">008317504-0</controlfield>
  <controlfield tag="005">20050502110514.0</controlfield>
  <controlfield tag="008">830603p19701969fr zzn   ghik       tib d</controlfield>
  <datafield tag="028" ind1="0" ind2="1">
    <subfield code="a">OCR 49</subfield>
    <subfield code="b">Ocora</subfield>
  </datafield>
  <datafield tag="033" ind1="2" ind2=" ">
    <subfield code="a">19690407</subfield>
    <subfield code="a">19690421</subfield>
    <subfield code="b">7892</subfield>
    <subfield code="c">T5</subfield>
  </datafield>
  <datafield tag="035" ind1="0" ind2=" ">
    <subfield code="a">ocm09572579</subfield>
  </datafield>
  <datafield tag="040" ind1=" " ind2=" ">
    <subfield code="a">UIU</subfield>
    <subfield code="c">UIU</subfield>
    <subfield code="d">OCL</subfield>
    <subfield code="d">HMU</subfield>
  </datafield>
  <datafield tag="041" ind1="0" ind2=" ">
    <subfield code="d">tib</subfield>
    <subfield code="g">freeng</subfield>
  </datafield>
  <datafield tag="043" ind1=" " ind2=" ">
    <subfield code="a">a-cc-ti</subfield>
  </datafield>
  <datafield tag="090" ind1=" " ind2=" ">
    <subfield code="a">M2188.T5</subfield>
    <subfield code="b">M8</subfield>
  </datafield>
  <datafield tag="245" ind1="1" ind2="0">
    <subfield code="a">Musique rituelle Tibétaine</subfield>
    <subfield code="h">sound recording /</subfield>
    <subfield code="c">enregistrements réalisés par Georges Lunaire.</subfield>
  </datafield>
  <datafield tag="260" ind1=" " ind2=" ">
    <subfield code="a">[France] :</subfield>
    <subfield code="b">Ocora,</subfield>
    <subfield code="c">[1970?]</subfield>
  </datafield>
  <datafield tag="300" ind1=" " ind2=" ">
    <subfield code="a">1 sound disc :</subfield>
    <subfield code="b">analog, 33 1/3 rpm, stereo. ;</subfield>
    <subfield code="c">12 in.</subfield>
  </datafield>
  <datafield tag="500" ind1=" " ind2=" ">
    <subfield code="a">Tibetan Buddhist rites.</subfield>
  </datafield>
  <datafield tag="500" ind1=" " ind2=" ">
    <subfield code="a">Program notes in French and English ([10] p. : ill.) bound in container.</subfield>
  </datafield>
  <datafield tag="505" ind1="0" ind2=" ">
    <subfield code="a">Cérémonie d&apos;offrande (18:38) -- Appel de conques (2:04) -- Moulin à prières (1:40) -- Cérémonie de prosternation (3:30) -- Cérémonie de bénediction (7:33) -- Cérémonie a &quot;Yamantaka&quot; (4:42).</subfield>
  </datafield>
  <datafield tag="518" ind1=" " ind2=" ">
    <subfield code="a">Recorded at Thami and Tengboche monasteries on the Tibet-Népal border, April 7-21, 1969.</subfield>
  </datafield>
  <datafield tag="650" ind1=" " ind2="0">
    <subfield code="a">Buddhist music.</subfield>
  </datafield>
  <datafield tag="650" ind1=" " ind2="0">
    <subfield code="a">Buddhist chants.</subfield>
  </datafield>
  <datafield tag="650" ind1=" " ind2="0">
    <subfield code="a">Buddhism</subfield>
    <subfield code="x">Customs and practices.</subfield>
  </datafield>
  <datafield tag="650" ind1=" " ind2="0">
    <subfield code="a">Music</subfield>
    <subfield code="z">China</subfield>
    <subfield code="z">Tibet Autonomous Region.</subfield>
  </datafield>
  <datafield tag="700" ind1="1" ind2=" ">
    <subfield code="a">Luneau, Georges.</subfield>
  </datafield>
</record>