

<record xmlns="http://www.loc.gov/MARC21/slim"
xmlns:xsi="http://www.w3.org/2001/XMLSchema-instance"
xsi:schemaLocation="http://www.loc.gov/MARC21/slim
http://www.loc.gov/standards/marcxml/schema/MARC21slim.xsd">
  <leader>00858nam a2200241 a 4500</leader>
  <controlfield tag="001">008323140-4</controlfield>
  <controlfield tag="005">20020606104010.5</controlfield>
  <controlfield tag="008">000309s1991    cc a          000|0btib d</controlfield>
  <datafield tag="020" ind1=" " ind2=" ">
    <subfield code="a">7542002171</subfield>
  </datafield>
  <datafield tag="035" ind1="0" ind2=" ">
    <subfield code="a">ocm43661219</subfield>
  </datafield>
  <datafield tag="043" ind1=" " ind2=" ">
    <subfield code="a">a-cc---</subfield>
  </datafield>
  <datafield tag="100" ind1="0" ind2=" ">
    <subfield code="a">Gtsaṅ-smyon He-ru-ka,</subfield>
    <subfield code="d">1452-1507.</subfield>
  </datafield>
  <datafield tag="245" ind1="1" ind2="0">
    <subfield code="a">Rnal ʾbyor gyi dbaṅ phyug chen po Rje btsun Mi-la-ras-paʾi rnam mgur /</subfield>
    <subfield code="c">Gtsaṅ-smyon He-ru-ka.</subfield>
  </datafield>
  <datafield tag="250" ind1=" " ind2=" ">
    <subfield code="a">Par theṅs 1.</subfield>
  </datafield>
  <datafield tag="260" ind1=" " ind2=" ">
    <subfield code="a">Zi-liṅ :</subfield>
    <subfield code="b">Mtsho-sṅon mi rigs dpe skrun khaṅ :</subfield>
    <subfield code="b">Mtsho-sṅon Źiṅ-chen Źin-hwa dpe khaṅ gis bkram,</subfield>
    <subfield code="c">1991.</subfield>
  </datafield>
  <datafield tag="300" ind1=" " ind2=" ">
    <subfield code="a">12, 4, 874 p. :</subfield>
    <subfield code="b">col. ill. ;</subfield>
    <subfield code="c">19 cm.</subfield>
  </datafield>
  <datafield tag="546" ind1=" " ind2=" ">
    <subfield code="a">In Tibetan.</subfield>
  </datafield>
  <datafield tag="500" ind1=" " ind2=" ">
    <subfield code="a">Includes texts of Mi-la-ras-pa&apos;s songs.</subfield>
  </datafield>
  <datafield tag="600" ind1="0" ind2="0">
    <subfield code="a">Mi-la-ras-pa,</subfield>
    <subfield code="d">1040-1123.</subfield>
  </datafield>
  <datafield tag="650" ind1=" " ind2="0">
    <subfield code="a">Bkaʾ-rgyud-pa lamas</subfield>
    <subfield code="z">China</subfield>
    <subfield code="z">Tibet Autonomous Region</subfield>
    <subfield code="v">Biography.</subfield>
  </datafield>
  <datafield tag="700" ind1="0" ind2=" ">
    <subfield code="a">Mi-la-ras-pa,</subfield>
    <subfield code="d">1040-1123.</subfield>
  </datafield>
</record>