

<record xmlns="http://www.loc.gov/MARC21/slim"
xmlns:xsi="http://www.w3.org/2001/XMLSchema-instance"
xsi:schemaLocation="http://www.loc.gov/MARC21/slim
http://www.loc.gov/standards/marcxml/schema/MARC21slim.xsd">
  <leader>00785nam a2200253 a 4500</leader>
  <controlfield tag="001">008327133-3</controlfield>
  <controlfield tag="005">20020606104010.5</controlfield>
  <controlfield tag="008">980618s1997    cc a     f    000 0 tibod</controlfield>
  <datafield tag="020" ind1=" " ind2=" ">
    <subfield code="a">7542006436</subfield>
  </datafield>
  <datafield tag="035" ind1="0" ind2=" ">
    <subfield code="a">ocm43682716</subfield>
  </datafield>
  <datafield tag="043" ind1=" " ind2=" ">
    <subfield code="a">a-cc-ti</subfield>
  </datafield>
  <datafield tag="100" ind1="0" ind2=" ">
    <subfield code="a">Tsoṅ-kha-pa Blo-bzaṅ-grags-pa,</subfield>
    <subfield code="d">1357-1419.</subfield>
  </datafield>
  <datafield tag="240" ind1="1" ind2="0">
    <subfield code="a">Lam rim chen mo</subfield>
  </datafield>
  <datafield tag="245" ind1="1" ind2="0">
    <subfield code="a">Mñam med Tsoṅ-kha-pa chen pos mdzad paʾi Byaṅ chub Lam rim che ba bźugs so.</subfield>
  </datafield>
  <datafield tag="246" ind1="1" ind2="4">
    <subfield code="a">Byaṅ chub Lam rim che ba bźugs so</subfield>
  </datafield>
  <datafield tag="250" ind1=" " ind2=" ">
    <subfield code="a">Par theṅs 4.</subfield>
  </datafield>
  <datafield tag="260" ind1=" " ind2=" ">
    <subfield code="a">Hsi-ning :</subfield>
    <subfield code="b">Mtsho-sṅon mi rigs dpe skrun khaṅ gis bskrun,</subfield>
    <subfield code="c">1997.</subfield>
  </datafield>
  <datafield tag="300" ind1=" " ind2=" ">
    <subfield code="a">813 p. :</subfield>
    <subfield code="b">col. ill. ;</subfield>
    <subfield code="c">27 cm.</subfield>
  </datafield>
  <datafield tag="546" ind1=" " ind2=" ">
    <subfield code="a">In Tibetan.</subfield>
  </datafield>
  <datafield tag="500" ind1=" " ind2=" ">
    <subfield code="a">&quot;Pa&quot;--Spine.</subfield>
  </datafield>
  <datafield tag="650" ind1=" " ind2="0">
    <subfield code="a">Lam-rim.</subfield>
  </datafield>
  <datafield tag="650" ind1=" " ind2="0">
    <subfield code="a">Dge-lugs-pa (Sect)</subfield>
    <subfield code="x">Doctrines.</subfield>
  </datafield>
</record>