

<record xmlns="http://www.loc.gov/MARC21/slim"
xmlns:xsi="http://www.w3.org/2001/XMLSchema-instance"
xsi:schemaLocation="http://www.loc.gov/MARC21/slim
http://www.loc.gov/standards/marcxml/schema/MARC21slim.xsd">
  <leader>00716nam a22002177a 4500</leader>
  <controlfield tag="001">008332084-9</controlfield>
  <controlfield tag="005">20020606104010.5</controlfield>
  <controlfield tag="008">980618m19879999cc       f    000 0 tibod</controlfield>
  <datafield tag="020" ind1=" " ind2=" ">
    <subfield code="a">7542000640</subfield>
  </datafield>
  <datafield tag="035" ind1="0" ind2=" ">
    <subfield code="a">ocm43726935</subfield>
  </datafield>
  <datafield tag="100" ind1="0" ind2=" ">
    <subfield code="a">Tsoṅ-kha-pa Blo-bzaṅ-grags-pa,</subfield>
    <subfield code="d">1357-1419.</subfield>
  </datafield>
  <datafield tag="245" ind1="1" ind2="0">
    <subfield code="a">Rje thams cad mkhyen pa tson kha pa chen poʾi bkaʾ ʾbum thor bu bzugs so.</subfield>
  </datafield>
  <datafield tag="246" ind1="1" ind2="4">
    <subfield code="a">Rje tson kha pa chen poʾi bkaʾ ʾbum thor bu bzugs so</subfield>
  </datafield>
  <datafield tag="250" ind1=" " ind2=" ">
    <subfield code="a">Par theṅs 1.</subfield>
  </datafield>
  <datafield tag="260" ind1=" " ind2=" ">
    <subfield code="a">Hsi-ning :</subfield>
    <subfield code="b">Mtsho-sṅon mi rigs dpe skrun khaṅ</subfield>
    <subfield code="c">1987-</subfield>
  </datafield>
  <datafield tag="300" ind1=" " ind2=" ">
    <subfield code="a">v. :</subfield>
    <subfield code="b">col. ill. ;</subfield>
    <subfield code="c">27 cm.</subfield>
  </datafield>
  <datafield tag="546" ind1=" " ind2=" ">
    <subfield code="a">In Tibetan.</subfield>
  </datafield>
  <datafield tag="650" ind1=" " ind2="0">
    <subfield code="a">Buddhist hagiography.</subfield>
  </datafield>
  <datafield tag="650" ind1=" " ind2="0">
    <subfield code="a">Buddhism</subfield>
    <subfield code="v">Prayers and devotions.</subfield>
  </datafield>
</record>