

<record xmlns="http://www.loc.gov/MARC21/slim"
xmlns:xsi="http://www.w3.org/2001/XMLSchema-instance"
xsi:schemaLocation="http://www.loc.gov/MARC21/slim
http://www.loc.gov/standards/marcxml/schema/MARC21slim.xsd">
  <leader>01180nam a22002417a 4500</leader>
  <controlfield tag="001">008332097-0</controlfield>
  <controlfield tag="005">20020606104010.5</controlfield>
  <controlfield tag="008">990422s1998    cc            000 0 tibod</controlfield>
  <datafield tag="020" ind1=" " ind2=" ">
    <subfield code="a">710502741X</subfield>
  </datafield>
  <datafield tag="035" ind1="0" ind2=" ">
    <subfield code="a">ocm43726828</subfield>
  </datafield>
  <datafield tag="050" ind1="0" ind2="0">
    <subfield code="a">MLCMA 2002/01231</subfield>
    <subfield code="a">PK501</subfield>
  </datafield>
  <datafield tag="100" ind1="0" ind2=" ">
    <subfield code="a">Śes-rab-chos-ʾphel.</subfield>
  </datafield>
  <datafield tag="245" ind1="1" ind2="0">
    <subfield code="a">Byākarana Svarasvasisyapathāḥ kulatikka tutthādhīmāṅgraibeyaṅketataḥ mālasunāmabijahāra = Byākarana Svarasvasisyapathāḥ kulatikka tutthādhīmāṅgraibeyaṅketataḥ mālasunāmabijahāra = Brda sprod dbyans can maʾi mdoʾi ʾgrel Gzur gnas blo ldan mgul rgyan Ke ta kaʾi phreṅ mdzes /</subfield>
    <subfield code="c">ʹSes-rab-chos-ʾphel gyis brtsams.</subfield>
  </datafield>
  <datafield tag="246" ind1="3" ind2="1">
    <subfield code="a">Brda sprod dbyans can maʾi mdoʾi ʾgrel Gzur gnas blo ldan mgul rgyan Ke ta kaʾi phreṅ mdzes</subfield>
  </datafield>
  <datafield tag="250" ind1=" " ind2=" ">
    <subfield code="a">Par theṅs 1.</subfield>
  </datafield>
  <datafield tag="260" ind1=" " ind2=" ">
    <subfield code="a">Pe-cin :</subfield>
    <subfield code="b">Mi rigs dpe skrun khaṅ,</subfield>
    <subfield code="c">1998.</subfield>
  </datafield>
  <datafield tag="300" ind1=" " ind2=" ">
    <subfield code="a">4, 121 p. ;</subfield>
    <subfield code="c">27 cm.</subfield>
  </datafield>
  <datafield tag="520" ind1=" " ind2=" ">
    <subfield code="a">History of Sanskrit grammar and a commentary on Svarasvasti grammar.</subfield>
  </datafield>
  <datafield tag="546" ind1=" " ind2=" ">
    <subfield code="a">In Tibetan. Includes some Sanskrit in Tibetan script.</subfield>
  </datafield>
  <datafield tag="546" ind1=" " ind2=" ">
    <subfield code="a">Title in Sanskrit (Lañca and Tibetan scripts) and Tibetan.</subfield>
  </datafield>
  <datafield tag="650" ind1=" " ind2="0">
    <subfield code="a">Sanskrit language</subfield>
    <subfield code="x">Grammar.</subfield>
  </datafield>
  <datafield tag="650" ind1=" " ind2="0">
    <subfield code="a">Sanskrit language</subfield>
    <subfield code="x">Grammar</subfield>
    <subfield code="x">History.</subfield>
  </datafield>
</record>