

<record xmlns="http://www.loc.gov/MARC21/slim"
xmlns:xsi="http://www.w3.org/2001/XMLSchema-instance"
xsi:schemaLocation="http://www.loc.gov/MARC21/slim
http://www.loc.gov/standards/marcxml/schema/MARC21slim.xsd">
  <leader>01111cjm a2200301Ia 4500</leader>
  <controlfield tag="001">008333249-9</controlfield>
  <controlfield tag="005">20020606104010.5</controlfield>
  <controlfield tag="008">990113s1998    enkppn              tib d</controlfield>
  <datafield tag="028" ind1="0" ind2="1">
    <subfield code="a">7243 8 45785 27</subfield>
    <subfield code="b">Real World</subfield>
  </datafield>
  <datafield tag="028" ind1="0" ind2="2">
    <subfield code="b">Real World Records</subfield>
    <subfield code="a">45785</subfield>
  </datafield>
  <datafield tag="035" ind1="0" ind2=" ">
    <subfield code="a">ocm40612138</subfield>
  </datafield>
  <datafield tag="040" ind1=" " ind2=" ">
    <subfield code="a">MDY</subfield>
    <subfield code="c">MDY</subfield>
    <subfield code="d">HMU</subfield>
  </datafield>
  <datafield tag="041" ind1="0" ind2=" ">
    <subfield code="d">tibeng</subfield>
    <subfield code="g">eng</subfield>
  </datafield>
  <datafield tag="043" ind1=" " ind2=" ">
    <subfield code="a">a-cc-ti</subfield>
  </datafield>
  <datafield tag="100" ind1="1" ind2=" ">
    <subfield code="a">Lhamo, Yungchen.</subfield>
  </datafield>
  <datafield tag="245" ind1="1" ind2="0">
    <subfield code="a">Coming home</subfield>
    <subfield code="h">[sound recording] /</subfield>
    <subfield code="c">Yunchen Lhamo.</subfield>
  </datafield>
  <datafield tag="260" ind1=" " ind2=" ">
    <subfield code="a">Corsham, Wiltshire :</subfield>
    <subfield code="b">Real World Records,</subfield>
    <subfield code="c">p1998.</subfield>
  </datafield>
  <datafield tag="300" ind1=" " ind2=" ">
    <subfield code="a">1 sound disc :</subfield>
    <subfield code="b">digital, stereo. ;</subfield>
    <subfield code="c">4 3/4 in.</subfield>
  </datafield>
  <datafield tag="500" ind1=" " ind2=" ">
    <subfield code="a">Contemporary songs sung in the Tibetan language or English.</subfield>
  </datafield>
  <datafield tag="500" ind1=" " ind2=" ">
    <subfield code="a">Compact disc.</subfield>
  </datafield>
  <datafield tag="505" ind1="0" ind2="0">
    <subfield code="t">Happiness is ... --</subfield>
    <subfield code="t">Sky --</subfield>
    <subfield code="t">Heart --</subfield>
    <subfield code="t">Per rig chog sum --</subfield>
    <subfield code="t">Khyah sangye --</subfield>
    <subfield code="t">Ngak pai metog --</subfield>
    <subfield code="t">Dream --</subfield>
    <subfield code="t">Defiance --</subfield>
    <subfield code="t">Coming home.</subfield>
  </datafield>
  <datafield tag="511" ind1="0" ind2=" ">
    <subfield code="a">Music performed by Yungchen Lhamo, accompanied by various musicians and singers.</subfield>
  </datafield>
  <datafield tag="518" ind1=" " ind2=" ">
    <subfield code="a">Recorded at Real World Studios, England.</subfield>
  </datafield>
  <datafield tag="650" ind1=" " ind2="0">
    <subfield code="a">Songs, Tibetan.</subfield>
  </datafield>
  <datafield tag="650" ind1=" " ind2="0">
    <subfield code="a">New Age music.</subfield>
  </datafield>
  <datafield tag="650" ind1=" " ind2="0">
    <subfield code="a">Music</subfield>
    <subfield code="z">China</subfield>
    <subfield code="z">Tibet Autonomous Region.</subfield>
  </datafield>
</record>