

<record xmlns="http://www.loc.gov/MARC21/slim"
xmlns:xsi="http://www.w3.org/2001/XMLSchema-instance"
xsi:schemaLocation="http://www.loc.gov/MARC21/slim
http://www.loc.gov/standards/marcxml/schema/MARC21slim.xsd">
  <leader>00876nam a22002057a 4500</leader>
  <controlfield tag="001">008346104-3</controlfield>
  <controlfield tag="005">20020606104010.5</controlfield>
  <controlfield tag="008">000407s19uu    bt            000|0 tibod</controlfield>
  <datafield tag="035" ind1="0" ind2=" ">
    <subfield code="a">ocm43902310</subfield>
  </datafield>
  <datafield tag="100" ind1="0" ind2=" ">
    <subfield code="a">Padma-dkar-po,</subfield>
    <subfield code="c">ʾBrug-chen IV,</subfield>
    <subfield code="d">1527-1592.</subfield>
  </datafield>
  <datafield tag="245" ind1="1" ind2="0">
    <subfield code="a">Bdud kyi gʾyul las rab tu rgyal bar byed paʾi bsn̄en paʾi man ṅag bʹzugs so.</subfield>
  </datafield>
  <datafield tag="246" ind1="1" ind2="4">
    <subfield code="a">Bdud las rgyal baʾi man ṅag</subfield>
  </datafield>
  <datafield tag="260" ind1=" " ind2=" ">
    <subfield code="a">[Bhutan] :</subfield>
    <subfield code="b">Phun glin sgun rab nam gso rgyun spel nas bskrun,</subfield>
    <subfield code="c">[19--]</subfield>
  </datafield>
  <datafield tag="300" ind1=" " ind2=" ">
    <subfield code="a">1 v. (various pagings) ;</subfield>
    <subfield code="c">37 x 9 cm.</subfield>
  </datafield>
  <datafield tag="500" ind1=" " ind2=" ">
    <subfield code="a">Ritual instruction setting forth the proper method of invoking Mahākāla (Nātha) as a protective deity of the Drukpa Kargyudpa sect of Tibetan Buddhism.</subfield>
  </datafield>
  <datafield tag="546" ind1=" " ind2=" ">
    <subfield code="a">In Tibetan.</subfield>
  </datafield>
  <datafield tag="650" ind1=" " ind2="0">
    <subfield code="a">Mahākāla (Buddhist deity)</subfield>
    <subfield code="x">Cult</subfield>
    <subfield code="v">Early works to 1800.</subfield>
  </datafield>
  <datafield tag="650" ind1=" " ind2="0">
    <subfield code="a">ʾBrug-pa (Sect)</subfield>
    <subfield code="x">Rituals</subfield>
    <subfield code="v">Early works to 1800.</subfield>
  </datafield>
</record>