

<record xmlns="http://www.loc.gov/MARC21/slim"
xmlns:xsi="http://www.w3.org/2001/XMLSchema-instance"
xsi:schemaLocation="http://www.loc.gov/MARC21/slim
http://www.loc.gov/standards/marcxml/schema/MARC21slim.xsd">
  <leader>00873nam a22002417a 4500</leader>
  <controlfield tag="001">008349524-X</controlfield>
  <controlfield tag="005">20090713025946.0</controlfield>
  <controlfield tag="008">000413s19uu    np            000|0 tibod</controlfield>
  <datafield tag="035" ind1="0" ind2=" ">
    <subfield code="a">ocm07053982</subfield>
  </datafield>
  <datafield tag="100" ind1="0" ind2=" ">
    <subfield code="a">Karma-chags-med,</subfield>
    <subfield code="c">Gnas-mdo,</subfield>
    <subfield code="d">1610-1678.</subfield>
  </datafield>
  <datafield tag="245" ind1="1" ind2="0">
    <subfield code="a">Rnam dag bde chen ʹziṅ gi smon lam bzugs so.</subfield>
  </datafield>
  <datafield tag="246" ind1="1" ind2="8">
    <subfield code="a">Bde chen ʹzin gi smon lam</subfield>
  </datafield>
  <datafield tag="260" ind1=" " ind2=" ">
    <subfield code="a">[Nepal :</subfield>
    <subfield code="b">s.n.,</subfield>
    <subfield code="c">19--]</subfield>
  </datafield>
  <datafield tag="300" ind1=" " ind2=" ">
    <subfield code="a">25 [i.e. 49] p. ;</subfield>
    <subfield code="c">35 x 10 cm.</subfield>
  </datafield>
  <datafield tag="546" ind1=" " ind2=" ">
    <subfield code="a">In Tibetan.</subfield>
  </datafield>
  <datafield tag="500" ind1=" " ind2=" ">
    <subfield code="a">Printed from blocks preserved at the Mtho-dgon Monastery, Nepal.</subfield>
  </datafield>
  <datafield tag="520" ind1=" " ind2=" ">
    <subfield code="a">A prayer to be reborn in the Sukhavati paradise.</subfield>
  </datafield>
  <datafield tag="500" ind1=" " ind2=" ">
    <subfield code="a">Also includes a short prayer by Sprul-sku Mi-ʾgyur-rdo-rje.</subfield>
  </datafield>
  <datafield tag="650" ind1=" " ind2="0">
    <subfield code="a">Amitābha (Buddhist deity)</subfield>
    <subfield code="v">Prayers and devotions</subfield>
    <subfield code="x">Tibetan.</subfield>
  </datafield>
  <datafield tag="650" ind1=" " ind2="0">
    <subfield code="a">Western Paradise (Buddhism)</subfield>
  </datafield>
  <datafield tag="700" ind1="0" ind2=" ">
    <subfield code="a">Mi-ʼgyur-rdo-rje,</subfield>
    <subfield code="c">Sprul-sku,</subfield>
    <subfield code="d">1645-1667.</subfield>
  </datafield>
</record>