

<record xmlns="http://www.loc.gov/MARC21/slim"
xmlns:xsi="http://www.w3.org/2001/XMLSchema-instance"
xsi:schemaLocation="http://www.loc.gov/MARC21/slim
http://www.loc.gov/standards/marcxml/schema/MARC21slim.xsd">
  <leader>00896nam a22002177a 4500</leader>
  <controlfield tag="001">008357799-8</controlfield>
  <controlfield tag="005">20020606104010.5</controlfield>
  <controlfield tag="008">900111s197u    np            000 0 tibod</controlfield>
  <datafield tag="035" ind1="0" ind2=" ">
    <subfield code="a">ocm07832535</subfield>
  </datafield>
  <datafield tag="100" ind1="0" ind2=" ">
    <subfield code="a">Koṅ-sprul Blo-gros-mthaʼ-yas,</subfield>
    <subfield code="d">1813-1899.</subfield>
  </datafield>
  <datafield tag="245" ind1="1" ind2="0">
    <subfield code="a">Lam zab leʼu bdun ma bźugs.</subfield>
  </datafield>
  <datafield tag="260" ind1=" " ind2=" ">
    <subfield code="a">[Nepal :</subfield>
    <subfield code="b">s.n.,</subfield>
    <subfield code="c">197-]</subfield>
  </datafield>
  <datafield tag="300" ind1=" " ind2=" ">
    <subfield code="a">34 [i.e 67] p. ;</subfield>
    <subfield code="c">10 x 34 cm.</subfield>
  </datafield>
  <datafield tag="546" ind1=" " ind2=" ">
    <subfield code="a">In Tibetan.</subfield>
  </datafield>
  <datafield tag="500" ind1=" " ind2=" ">
    <subfield code="a">Stamped on t.p.: Mtho-dgon.</subfield>
  </datafield>
  <datafield tag="500" ind1=" " ind2=" ">
    <subfield code="a">Xylographic print from blocks preserved at Dgon-steṅ Bśad-sgrub-chos-gliṅ Monastery in Solu, Nepal.</subfield>
  </datafield>
  <datafield tag="520" ind1=" " ind2=" ">
    <subfield code="a">Nyingmapa devotional verses in praise of Padma Sambhava, 8th century Indian tantric master.</subfield>
  </datafield>
  <datafield tag="600" ind1="0" ind2="0">
    <subfield code="a">Padma Sambhava,</subfield>
    <subfield code="d">approximately 717-approximately 762</subfield>
    <subfield code="x">Prayers and devotions</subfield>
    <subfield code="x">Tibetan</subfield>
    <subfield code="v">Early works to 1800.</subfield>
  </datafield>
  <datafield tag="650" ind1=" " ind2="0">
    <subfield code="a">Rñiṅ-ma-pa (Sect)</subfield>
    <subfield code="x">Prayers and devotions</subfield>
    <subfield code="x">Tibetan</subfield>
    <subfield code="v">Early works to 1800.</subfield>
  </datafield>
</record>