

<record xmlns="http://www.loc.gov/MARC21/slim"
xmlns:xsi="http://www.w3.org/2001/XMLSchema-instance"
xsi:schemaLocation="http://www.loc.gov/MARC21/slim
http://www.loc.gov/standards/marcxml/schema/MARC21slim.xsd">
  <leader>     cam a2200481Ia 4500</leader>
  <controlfield tag="001">008369596-6</controlfield>
  <controlfield tag="005">20081118141212.0</controlfield>
  <controlfield tag="008">051108s1988    ja            000 0 tib d</controlfield>
  <datafield tag="020" ind1=" " ind2=" ">
    <subfield code="a">4653016828</subfield>
  </datafield>
  <datafield tag="020" ind1=" " ind2=" ">
    <subfield code="a">9784653016823</subfield>
  </datafield>
  <datafield tag="035" ind1="0" ind2=" ">
    <subfield code="a">ocm62243465</subfield>
  </datafield>
  <datafield tag="040" ind1=" " ind2=" ">
    <subfield code="a">CUY</subfield>
    <subfield code="c">CUY</subfield>
    <subfield code="d">CUY</subfield>
    <subfield code="d">CLU</subfield>
    <subfield code="d">OCLCG</subfield>
    <subfield code="d">HMY</subfield>
  </datafield>
  <datafield tag="041" ind1="0" ind2=" ">
    <subfield code="a">jpntibchi</subfield>
  </datafield>
  <datafield tag="043" ind1=" " ind2=" ">
    <subfield code="a">ac-----</subfield>
    <subfield code="a">a-ii---</subfield>
  </datafield>
  <datafield tag="050" ind1=" " ind2="4">
    <subfield code="a">DS327.7</subfield>
    <subfield code="b">.X836 1988</subfield>
  </datafield>
  <datafield tag="100" ind1="0" ind2=" ">
    <subfield code="6">880-01</subfield>
    <subfield code="a">Xuanzang,</subfield>
    <subfield code="d">approximately 596-664.</subfield>
  </datafield>
  <datafield tag="240" ind1="1" ind2="0">
    <subfield code="6">880-02</subfield>
    <subfield code="a">Ta tang Xiyu ji.</subfield>
    <subfield code="l">Tibetan.</subfield>
  </datafield>
  <datafield tag="245" ind1="1" ind2="0">
    <subfield code="6">880-03</subfield>
    <subfield code="a">Chibettogo yaku Daitō Seiiki ki :</subfield>
    <subfield code="b">genpon fukusei tsuketari kanbun genntenn narabini kaisetsu /</subfield>
    <subfield code="c">[hensha Ōtani Daigaku].</subfield>
  </datafield>
  <datafield tag="246" ind1="3" ind2="0">
    <subfield code="6">880-04</subfield>
    <subfield code="a">Daitō Seiiki ki</subfield>
  </datafield>
  <datafield tag="260" ind1=" " ind2=" ">
    <subfield code="6">880-05</subfield>
    <subfield code="a">Kyōto-shi :</subfield>
    <subfield code="b">Rinsen Shoten,</subfield>
    <subfield code="c">Shōwa 63 [1988]</subfield>
  </datafield>
  <datafield tag="300" ind1=" " ind2=" ">
    <subfield code="a">1 v. (loose-leaf) ;</subfield>
    <subfield code="c">27 x 39 cm.</subfield>
    <subfield code="e">2 suppl.</subfield>
  </datafield>
  <datafield tag="440" ind1=" " ind2="0">
    <subfield code="6">880-06</subfield>
    <subfield code="a">Ōtani Daigaku shozō chibetto zōgai bunken sōsho ;</subfield>
    <subfield code="v">1</subfield>
  </datafield>
  <datafield tag="500" ind1=" " ind2=" ">
    <subfield code="a">In a case.</subfield>
  </datafield>
  <datafield tag="500" ind1=" " ind2=" ">
    <subfield code="a">Title from title piece mounted on case.</subfield>
  </datafield>
  <datafield tag="500" ind1=" " ind2=" ">
    <subfield code="a">Accompanied by:&quot;Daitō Seiiki ki : kanbun genten&quot; (p. 867-947) and &quot;Chibetto-yaku &apos;Daitō Seiiki ki&apos; ni tsuite&quot;, &quot;Zō-Kan taishō naiyō kōmoku ichiran&quot; (15 p.).</subfield>
  </datafield>
  <datafield tag="651" ind1=" " ind2="0">
    <subfield code="a">Asia, Central</subfield>
    <subfield code="x">Description and travel.</subfield>
  </datafield>
  <datafield tag="651" ind1=" " ind2="0">
    <subfield code="a">India</subfield>
    <subfield code="x">Description and travel.</subfield>
  </datafield>
  <datafield tag="650" ind1=" " ind2="0">
    <subfield code="a">Buddhism</subfield>
    <subfield code="z">Asia, Central.</subfield>
  </datafield>
  <datafield tag="650" ind1=" " ind2="0">
    <subfield code="a">Buddhism</subfield>
    <subfield code="z">India.</subfield>
  </datafield>
  <datafield tag="710" ind1="2" ind2=" ">
    <subfield code="6">880-07</subfield>
    <subfield code="a">Ōtani Daigaku.</subfield>
  </datafield>
  <datafield tag="880" ind1="0" ind2=" ">
    <subfield code="6">100-01</subfield>
    <subfield code="a">玄奘,</subfield>
    <subfield code="d">approximately 596-664.</subfield>
  </datafield>
  <datafield tag="880" ind1="1" ind2="0">
    <subfield code="6">240-02</subfield>
    <subfield code="a">大唐西域記.</subfield>
    <subfield code="l">Tibetan.</subfield>
  </datafield>
  <datafield tag="880" ind1="1" ind2="0">
    <subfield code="6">245-03</subfield>
    <subfield code="a">西蔵語訳大唐西域記 :</subfield>
    <subfield code="b">原本複製附漢文原典並解說／</subfield>
    <subfield code="c">[編者大谷大学].</subfield>
  </datafield>
  <datafield tag="880" ind1="3" ind2="0">
    <subfield code="6">246-04</subfield>
    <subfield code="a">大唐西域記</subfield>
  </datafield>
  <datafield tag="880" ind1=" " ind2=" ">
    <subfield code="6">250-00</subfield>
    <subfield code="a">[原本複制]．</subfield>
  </datafield>
  <datafield tag="880" ind1=" " ind2=" ">
    <subfield code="6">260-05</subfield>
    <subfield code="a">京都市 :</subfield>
    <subfield code="b">臨川書店,</subfield>
    <subfield code="c">昭和63 [1988]</subfield>
  </datafield>
  <datafield tag="880" ind1=" " ind2="0">
    <subfield code="6">440-06</subfield>
    <subfield code="a">大谷大学所藏西蔵蔵外文献叢書 ;</subfield>
    <subfield code="v">1</subfield>
  </datafield>
  <datafield tag="880" ind1="2" ind2=" ">
    <subfield code="6">710-07</subfield>
    <subfield code="a">大谷大学.</subfield>
  </datafield>
  <datafield tag="049" ind1=" " ind2=" ">
    <subfield code="a">HMYJ</subfield>
    <subfield code="o">d</subfield>
  </datafield>
</record>