

<record xmlns="http://www.loc.gov/MARC21/slim"
xmlns:xsi="http://www.w3.org/2001/XMLSchema-instance"
xsi:schemaLocation="http://www.loc.gov/MARC21/slim
http://www.loc.gov/standards/marcxml/schema/MARC21slim.xsd">
  <leader>00883aam a2200217 a 4500</leader>
  <controlfield tag="001">008372436-2</controlfield>
  <controlfield tag="005">20020606104010.5</controlfield>
  <controlfield tag="008">970220s1985    cc            000 0 tibo</controlfield>
  <datafield tag="035" ind1="0" ind2=" ">
    <subfield code="a">ocm84316746</subfield>
  </datafield>
  <datafield tag="130" ind1="0" ind2=" ">
    <subfield code="a">Tripiṭaka.</subfield>
    <subfield code="p">Sūtrapiṭaka.</subfield>
    <subfield code="p">Prajñāpāramitā.</subfield>
    <subfield code="p">Aṣṭasāhasrikā.</subfield>
    <subfield code="l">Tibetan.</subfield>
  </datafield>
  <datafield tag="245" ind1="1" ind2="0">
    <subfield code="a">ʾPhags pa śes rab kyi pha rol tu phyin pa brgyd stoṅ pa.</subfield>
  </datafield>
  <datafield tag="246" ind1="1" ind2=" ">
    <subfield code="i">Tibetan colophon title:</subfield>
    <subfield code="a">Brgyad stoṅ pa</subfield>
  </datafield>
  <datafield tag="246" ind1="1" ind2=" ">
    <subfield code="i">Chinese colophon title:</subfield>
    <subfield code="a">Po jo pa chʻien sung</subfield>
  </datafield>
  <datafield tag="250" ind1=" " ind2=" ">
    <subfield code="a">Par theṅs 1.</subfield>
  </datafield>
  <datafield tag="260" ind1=" " ind2=" ">
    <subfield code="a">Hsi-ning :</subfield>
    <subfield code="b">Mtsho-sṅon mi rigs dpe skrun khaṅ gis par du bskrun :</subfield>
    <subfield code="b">Mtsho-sṅon Źiṅ-chen Źin-hwa dpe khaṅ gis bkram,</subfield>
    <subfield code="c">1985.</subfield>
  </datafield>
  <datafield tag="300" ind1=" " ind2=" ">
    <subfield code="a">524 [i.e. 1048] p. ;</subfield>
    <subfield code="c">10 x 54 cm.</subfield>
  </datafield>
  <datafield tag="546" ind1=" " ind2=" ">
    <subfield code="a">In Tibetan.</subfield>
  </datafield>
  <datafield tag="500" ind1=" " ind2=" ">
    <subfield code="a">Reproduced from xylograph prints originally from Sku-ʾbum Byams-pa-gliṅ.</subfield>
  </datafield>
  <datafield tag="650" ind1=" " ind2="0">
    <subfield code="a">Mahayana Buddhism</subfield>
    <subfield code="x">Doctrines.</subfield>
  </datafield>
</record>