

<record xmlns="http://www.loc.gov/MARC21/slim"
xmlns:xsi="http://www.w3.org/2001/XMLSchema-instance"
xsi:schemaLocation="http://www.loc.gov/MARC21/slim
http://www.loc.gov/standards/marcxml/schema/MARC21slim.xsd">
  <leader>     nam a2200373Ia 4500</leader>
  <controlfield tag="001">008387300-7</controlfield>
  <controlfield tag="005">20081118134428.0</controlfield>
  <controlfield tag="008">051110s1991    ja            000 0 tib d</controlfield>
  <datafield tag="035" ind1="0" ind2=" ">
    <subfield code="a">ocm62257486</subfield>
  </datafield>
  <datafield tag="040" ind1=" " ind2=" ">
    <subfield code="a">CUY</subfield>
    <subfield code="c">CUY</subfield>
    <subfield code="d">HMY</subfield>
  </datafield>
  <datafield tag="050" ind1=" " ind2="4">
    <subfield code="a">BQ2685</subfield>
    <subfield code="b">.B86 1991</subfield>
  </datafield>
  <datafield tag="100" ind1="0" ind2=" ">
    <subfield code="a">Bum phrag gsum pa,</subfield>
    <subfield code="d">1433-1504.</subfield>
  </datafield>
  <datafield tag="240" ind1="1" ind2="0">
    <subfield code="a">Legs par bshad pa nyi maʼiʼod zer</subfield>
  </datafield>
  <datafield tag="245" ind1="1" ind2="0">
    <subfield code="6">880-01</subfield>
    <subfield code="a">Kusharon gogi kaimei zensetsu no yōkō :</subfield>
    <subfield code="b">genpon fukusei tsuketari kaidai /</subfield>
    <subfield code="c">[Buntasunpa cho ; hensha Ōtani Daigaku].</subfield>
  </datafield>
  <datafield tag="246" ind1="3" ind2="0">
    <subfield code="6">880-02</subfield>
    <subfield code="a">Zensetsu no yōkō</subfield>
  </datafield>
  <datafield tag="260" ind1=" " ind2=" ">
    <subfield code="6">880-03</subfield>
    <subfield code="a">Kyōto-shi:</subfield>
    <subfield code="b">Rinsen Shoten,</subfield>
    <subfield code="c">Heisei 3 [1991]</subfield>
  </datafield>
  <datafield tag="300" ind1=" " ind2=" ">
    <subfield code="a">1 v. (loose-leaf) ;</subfield>
    <subfield code="c">27 x 39 cm.</subfield>
  </datafield>
  <datafield tag="440" ind1=" " ind2="0">
    <subfield code="6">880-04</subfield>
    <subfield code="a">Ōtani Daigaku shozō chibetto zōgai bunken sōsho ;</subfield>
    <subfield code="v">4</subfield>
  </datafield>
  <datafield tag="500" ind1=" " ind2=" ">
    <subfield code="a">In case.</subfield>
  </datafield>
  <datafield tag="500" ind1=" " ind2=" ">
    <subfield code="a">Title from title piece mounted on case.</subfield>
  </datafield>
  <datafield tag="500" ind1=" " ind2=" ">
    <subfield code="a">Accompanied by a booklet with explanatory remarks (4 p.)</subfield>
  </datafield>
  <datafield tag="600" ind1="0" ind2="0">
    <subfield code="a">Vasubandhu.</subfield>
    <subfield code="t">Abhidharmakośa.</subfield>
  </datafield>
  <datafield tag="650" ind1=" " ind2="0">
    <subfield code="a">Abhidharma.</subfield>
  </datafield>
  <datafield tag="710" ind1="2" ind2=" ">
    <subfield code="6">880-05</subfield>
    <subfield code="a">Ōtani Daigaku.</subfield>
  </datafield>
  <datafield tag="880" ind1="1" ind2="0">
    <subfield code="6">245-01</subfield>
    <subfield code="a">俱舎論語義解明善說の陽光 :</subfield>
    <subfield code="b">原本複製附解題 /</subfield>
    <subfield code="c">[ブンタスンパ著 ; 編者大谷大学].</subfield>
  </datafield>
  <datafield tag="880" ind1="3" ind2="0">
    <subfield code="6">246-02</subfield>
    <subfield code="a">善說の陽光</subfield>
  </datafield>
  <datafield tag="880" ind1=" " ind2=" ">
    <subfield code="6">260-03</subfield>
    <subfield code="a">京都市 :</subfield>
    <subfield code="b">臨川書店,</subfield>
    <subfield code="c">平成3 [1991]</subfield>
  </datafield>
  <datafield tag="880" ind1=" " ind2="0">
    <subfield code="6">440-04</subfield>
    <subfield code="a">大谷大学所藏西蔵蔵外文献叢書 ;</subfield>
    <subfield code="v">4</subfield>
  </datafield>
  <datafield tag="880" ind1="2" ind2=" ">
    <subfield code="6">710-05</subfield>
    <subfield code="a">大谷大学.</subfield>
  </datafield>
  <datafield tag="049" ind1=" " ind2=" ">
    <subfield code="a">HMYJ</subfield>
    <subfield code="o">d</subfield>
  </datafield>
</record>