

<record xmlns="http://www.loc.gov/MARC21/slim"
xmlns:xsi="http://www.w3.org/2001/XMLSchema-instance"
xsi:schemaLocation="http://www.loc.gov/MARC21/slim
http://www.loc.gov/standards/marcxml/schema/MARC21slim.xsd">
  <leader>     cam a2200445Ia 4500</leader>
  <controlfield tag="001">008387308-2</controlfield>
  <controlfield tag="005">20081118135734.0</controlfield>
  <controlfield tag="008">920805s1992    ja       b    000 0 tib d</controlfield>
  <datafield tag="020" ind1=" " ind2=" ">
    <subfield code="a">4653023816</subfield>
  </datafield>
  <datafield tag="020" ind1=" " ind2=" ">
    <subfield code="a">9784653023814</subfield>
  </datafield>
  <datafield tag="035" ind1="0" ind2=" ">
    <subfield code="a">ocm33781034</subfield>
  </datafield>
  <datafield tag="040" ind1=" " ind2=" ">
    <subfield code="a">LWU</subfield>
    <subfield code="c">LWU</subfield>
    <subfield code="d">OCLCQ</subfield>
    <subfield code="d">CLU</subfield>
  </datafield>
  <datafield tag="041" ind1="0" ind2=" ">
    <subfield code="a">tib</subfield>
    <subfield code="b">jpn</subfield>
  </datafield>
  <datafield tag="050" ind1=" " ind2="4">
    <subfield code="a">BQ7454</subfield>
    <subfield code="b">.R54 1992</subfield>
  </datafield>
  <datafield tag="100" ind1="0" ind2=" ">
    <subfield code="a">Rje drung Shes rab dbang po,</subfield>
    <subfield code="d">1500-1586.</subfield>
  </datafield>
  <datafield tag="240" ind1="1" ind2="0">
    <subfield code="a">dGongs pa yang gsal</subfield>
  </datafield>
  <datafield tag="245" ind1="1" ind2="0">
    <subfield code="6">880-01</subfield>
    <subfield code="a">Nyūchūron kōshaku ishu saimyō /</subfield>
    <subfield code="c">[Jetton Shērabuwanpo cho ; hensha Ōtani Daigaku].</subfield>
  </datafield>
  <datafield tag="260" ind1=" " ind2=" ">
    <subfield code="6">880-02</subfield>
    <subfield code="a">Kyōto-shi :</subfield>
    <subfield code="b">Rinsen Shoten,</subfield>
    <subfield code="c">Heisei 4 [1992]</subfield>
  </datafield>
  <datafield tag="300" ind1=" " ind2=" ">
    <subfield code="a">105 leaves ;</subfield>
    <subfield code="c">28 x 39 cm. +</subfield>
    <subfield code="e">1 suppl. (29 p. ; 26 cm.)</subfield>
  </datafield>
  <datafield tag="440" ind1=" " ind2="0">
    <subfield code="6">880-03</subfield>
    <subfield code="a">Ōtani Daigaku shozō Chibetto zōgai bunken sōsho ;</subfield>
    <subfield code="v">5</subfield>
  </datafield>
  <datafield tag="500" ind1=" " ind2=" ">
    <subfield code="6">880-04</subfield>
    <subfield code="a">Accompanied by subllement: &quot;Jetton Shērabuwanpo cho Nyūchūron kōshaku ishu saimyō no nankai bubun o akiraka ni suru sho &quot;Ishu saimyō&quot;&quot; ni tsuite = An introduction to rJe drung Shes rab dbang po&apos;s dGongs pa yang gsal.</subfield>
  </datafield>
  <datafield tag="500" ind1=" " ind2=" ">
    <subfield code="a">&quot;Otani no. 13957.&quot;</subfield>
  </datafield>
  <datafield tag="504" ind1=" " ind2=" ">
    <subfield code="a">Includes bibliographical references.</subfield>
  </datafield>
  <datafield tag="500" ind1=" " ind2=" ">
    <subfield code="a">In case.</subfield>
  </datafield>
  <datafield tag="500" ind1=" " ind2=" ">
    <subfield code="a">Title from title piece mounted on case.</subfield>
  </datafield>
  <datafield tag="500" ind1=" " ind2=" ">
    <subfield code="a">Reproduces mss. in Tibetan held at Otani University.</subfield>
  </datafield>
  <datafield tag="500" ind1=" " ind2=" ">
    <subfield code="a">In Tibettan, with introd. in Japanese.</subfield>
  </datafield>
  <datafield tag="650" ind1=" " ind2="0">
    <subfield code="a">Mādhyamika (Buddhism)</subfield>
    <subfield code="v">Early works to 1800.</subfield>
  </datafield>
  <datafield tag="600" ind1="0" ind2="0">
    <subfield code="a">Candrakīrti.</subfield>
    <subfield code="t">Madhyamakāvatāra.</subfield>
  </datafield>
  <datafield tag="710" ind1="2" ind2=" ">
    <subfield code="6">880-05</subfield>
    <subfield code="a">Ōtani Daigaku.</subfield>
  </datafield>
  <datafield tag="880" ind1="1" ind2="0">
    <subfield code="6">245-01</subfield>
    <subfield code="a">入中論講釈意趣再明 /</subfield>
    <subfield code="c">[ジェトゥン・シェーラプワンポ著 ; 編者大谷大学].</subfield>
  </datafield>
  <datafield tag="880" ind1=" " ind2=" ">
    <subfield code="6">260-02</subfield>
    <subfield code="a">京都市 :</subfield>
    <subfield code="b">臨川書店,</subfield>
    <subfield code="c">平成4 [1992]</subfield>
  </datafield>
  <datafield tag="880" ind1=" " ind2="0">
    <subfield code="6">440-03</subfield>
    <subfield code="a">大谷大学所蔵西蔵蔵外文献叢書 ;</subfield>
    <subfield code="v">5</subfield>
  </datafield>
  <datafield tag="880" ind1=" " ind2=" ">
    <subfield code="6">500-04</subfield>
    <subfield code="a">Accompanied by subllement: 「ジェトゥン・シェーラプワンポ著入中論講釈意趣善明の難解部分を明らかにする書「意趣再明」」について = An introduction to rJe drung Shes rab dbang po&apos;s dGongs pa yang gsal.</subfield>
  </datafield>
  <datafield tag="880" ind1="2" ind2=" ">
    <subfield code="6">710-05</subfield>
    <subfield code="a">大谷大学.</subfield>
  </datafield>
  <datafield tag="049" ind1=" " ind2=" ">
    <subfield code="a">HMYJ</subfield>
    <subfield code="o">d</subfield>
  </datafield>
</record>