

<record xmlns="http://www.loc.gov/MARC21/slim"
xmlns:xsi="http://www.w3.org/2001/XMLSchema-instance"
xsi:schemaLocation="http://www.loc.gov/MARC21/slim
http://www.loc.gov/standards/marcxml/schema/MARC21slim.xsd">
  <leader>00955cam a2200229Ii 4500</leader>
  <controlfield tag="001">008512539-3</controlfield>
  <controlfield tag="005">20020606104010.5</controlfield>
  <controlfield tag="008">780907q19651970ii            000 0 tibrd</controlfield>
  <datafield tag="035" ind1="0" ind2=" ">
    <subfield code="a">ocm04203423</subfield>
  </datafield>
  <datafield tag="040" ind1=" " ind2=" ">
    <subfield code="a">IUL</subfield>
    <subfield code="c">IUL</subfield>
    <subfield code="d">HLS</subfield>
  </datafield>
  <datafield tag="090" ind1=" " ind2=" ">
    <subfield code="a">BQ2923.T5</subfield>
    <subfield code="b">A8</subfield>
  </datafield>
  <datafield tag="100" ind1="0" ind2=" ">
    <subfield code="a">Asaṅga.</subfield>
  </datafield>
  <datafield tag="245" ind1="1" ind2="0">
    <subfield code="a">Byams chos sde lṅa =</subfield>
    <subfield code="b">The five philosophical works of Maitreya.</subfield>
  </datafield>
  <datafield tag="246" ind1="3" ind2=" ">
    <subfield code="a">Five philosophical works of Maitreya.</subfield>
  </datafield>
  <datafield tag="260" ind1=" " ind2=" ">
    <subfield code="a">Mussoorie :</subfield>
    <subfield code="b">Dalama,</subfield>
    <subfield code="c">[196-]</subfield>
  </datafield>
  <datafield tag="300" ind1=" " ind2=" ">
    <subfield code="a">410 p. in various foliations ;</subfield>
    <subfield code="c">10 x 26 cm.</subfield>
  </datafield>
  <datafield tag="505" ind1="0" ind2=" ">
    <subfield code="a">Theg pa chen po mdo sdeʾi rgyan ces bya baʾi tshig leʾur byas pa --Theg pa chen po brgyud bla maʾi bstan bcos bźugs so -- Chos daṅ chos ñid rnam par ʾbyed paʾi tshig leʾur byas pa -- Dbus daṅ mthaʾ rnam ʾbyed -- Śes rab kyi pha rol tu phyin paʾi man ṅag gi bstan bcos mṅon par rtogs paʾi rgyan.</subfield>
  </datafield>
  <datafield tag="650" ind1=" " ind2="0">
    <subfield code="a">Yogācāra (Buddhism)</subfield>
  </datafield>
  <datafield tag="650" ind1=" " ind2="0">
    <subfield code="a">Tibetan language</subfield>
    <subfield code="v">Texts.</subfield>
  </datafield>
</record>