

<record xmlns="http://www.loc.gov/MARC21/slim"
xmlns:xsi="http://www.w3.org/2001/XMLSchema-instance"
xsi:schemaLocation="http://www.loc.gov/MARC21/slim
http://www.loc.gov/standards/marcxml/schema/MARC21slim.xsd">
  <leader>01180cam a2200325La 4500</leader>
  <controlfield tag="001">008586999-6</controlfield>
  <controlfield tag="005">20090713032711.0</controlfield>
  <controlfield tag="008">990623s1993    ii            000 0 tib d</controlfield>
  <datafield tag="020" ind1=" " ind2=" ">
    <subfield code="a">7800570819</subfield>
  </datafield>
  <datafield tag="035" ind1="0" ind2=" ">
    <subfield code="a">ocm41898031</subfield>
  </datafield>
  <datafield tag="040" ind1=" " ind2=" ">
    <subfield code="a">ZCA</subfield>
    <subfield code="c">ZCA</subfield>
    <subfield code="d">HLS</subfield>
  </datafield>
  <datafield tag="043" ind1=" " ind2=" ">
    <subfield code="a">a-cc-ti</subfield>
  </datafield>
  <datafield tag="050" ind1=" " ind2="4">
    <subfield code="a">BQ2255</subfield>
    <subfield code="b">.M75 1993</subfield>
  </datafield>
  <datafield tag="100" ind1="0" ind2=" ">
    <subfield code="a">Rin-chen-bzaṅ-po,</subfield>
    <subfield code="c">Mtsho-sna-ba.</subfield>
  </datafield>
  <datafield tag="240" ind1="1" ind2="0">
    <subfield code="a">ʾDul ṭik Ñi maʾi ʾod zer</subfield>
  </datafield>
  <datafield tag="245" ind1="1" ind2="1">
    <subfield code="a">&apos;Dul ṭik Ñi maʾi ʾod zer legs bśad luṅ gi rgya mtsho /</subfield>
    <subfield code="c">Mtsho sna ba Śes rab bzaṅ po.</subfield>
  </datafield>
  <datafield tag="246" ind1="1" ind2=" ">
    <subfield code="i">Title on verso of t.p. also in Chinese:</subfield>
    <subfield code="a">Lü Tsang chu shu</subfield>
  </datafield>
  <datafield tag="246" ind1="3" ind2=" ">
    <subfield code="a">Dge sloṅ maʾi rnam ʾbyed źu ba spyir bstan.</subfield>
  </datafield>
  <datafield tag="246" ind1="1" ind2="5">
    <subfield code="a">ʾDul ba mdo rtsa&apos;i rnam bśad Ñi maʾi ʾod zer legs bśad luṅ gi rgya mtsho źes bya ba bźugs so</subfield>
  </datafield>
  <datafield tag="250" ind1=" " ind2=" ">
    <subfield code="a">Par theṅs 1.</subfield>
  </datafield>
  <datafield tag="260" ind1=" " ind2=" ">
    <subfield code="a">Pe cin :</subfield>
    <subfield code="b">Kruṅ go&apos;i bod kyi śes rig dpe skrun khaṅ̇̇,</subfield>
    <subfield code="c">1993.</subfield>
  </datafield>
  <datafield tag="300" ind1=" " ind2=" ">
    <subfield code="a">2, 2, 3, 1067 p. ;</subfield>
    <subfield code="c">27 cm.</subfield>
  </datafield>
  <datafield tag="500" ind1=" " ind2=" ">
    <subfield code="a">In Tibetan.</subfield>
  </datafield>
  <datafield tag="650" ind1=" " ind2="0">
    <subfield code="a">Tibetan language</subfield>
    <subfield code="v">Texts.</subfield>
  </datafield>
  <datafield tag="600" ind1="1" ind2="0">
    <subfield code="a">Guṇaprabha.</subfield>
    <subfield code="t">Vinayasūtra.</subfield>
  </datafield>
  <datafield tag="650" ind1=" " ind2="0">
    <subfield code="a">Monasticism and religious orders, Buddhist</subfield>
    <subfield code="v">Rules.</subfield>
  </datafield>
  <datafield tag="650" ind1=" " ind2="0">
    <subfield code="a">Dge-lugs-pa (Sect)</subfield>
    <subfield code="x">Discipline.</subfield>
  </datafield>
</record>