

<record xmlns="http://www.loc.gov/MARC21/slim"
xmlns:xsi="http://www.w3.org/2001/XMLSchema-instance"
xsi:schemaLocation="http://www.loc.gov/MARC21/slim
http://www.loc.gov/standards/marcxml/schema/MARC21slim.xsd">
  <leader>01113nam a2200265 a 4500</leader>
  <controlfield tag="001">008594760-1</controlfield>
  <controlfield tag="005">20020606104010.5</controlfield>
  <controlfield tag="008">010320s1992    cc            000|0 tib d</controlfield>
  <datafield tag="020" ind1=" " ind2=" ">
    <subfield code="a">7542002937</subfield>
  </datafield>
  <datafield tag="043" ind1=" " ind2=" ">
    <subfield code="a">a-cc-ti</subfield>
  </datafield>
  <datafield tag="100" ind1="1" ind2=" ">
    <subfield code="a">Guṅ-thaṅ Blo-gros-rgya-mtsho.</subfield>
  </datafield>
  <datafield tag="245" ind1="1" ind2="0">
    <subfield code="a">Bstan bcos mṅon par rtogs pa&apos;i rgyan gyi &apos;grel chuṅ don gsal ba&apos;i mchan &apos;grel kun bzaṅ źiṅ gi ñi ma thar &apos;dod mun sel źes bya ba bźugs so /</subfield>
    <subfield code="c">[Guṅ thaṅ blo gros rgya mtshos brtsams]</subfield>
  </datafield>
  <datafield tag="246" ind1="1" ind2="4">
    <subfield code="a">&apos;Grel ba don sal gyi mchan &apos;grel</subfield>
  </datafield>
  <datafield tag="260" ind1="0" ind2=" ">
    <subfield code="a">[S.l.] :</subfield>
    <subfield code="b">Mtsho sṅon mi rigs dpe skrun khaṅ,</subfield>
    <subfield code="c">1992.</subfield>
  </datafield>
  <datafield tag="300" ind1=" " ind2=" ">
    <subfield code="a">2 v. ;</subfield>
    <subfield code="c">27 cm.</subfield>
  </datafield>
  <datafield tag="490" ind1="0" ind2=" ">
    <subfield code="a">Gaṅs ljoṅs rigs pa&apos;i dpe tshogs</subfield>
  </datafield>
  <datafield tag="500" ind1=" " ind2=" ">
    <subfield code="a">Detailed commentary on lesser commentary on Abhisamaya Alamkara.</subfield>
  </datafield>
  <datafield tag="500" ind1=" " ind2=" ">
    <subfield code="a">Author&apos;s name appears only in colophon.</subfield>
  </datafield>
  <datafield tag="546" ind1=" " ind2=" ">
    <subfield code="a">In Tibetan.</subfield>
  </datafield>
  <datafield tag="600" ind1="1" ind2="0">
    <subfield code="a">Haribhadra.</subfield>
    <subfield code="t">Sphuṭārthā</subfield>
    <subfield code="v">Commentaries.</subfield>
  </datafield>
  <datafield tag="600" ind1="0" ind2="0">
    <subfield code="a">Asaṅga.</subfield>
    <subfield code="t">Abhisamayālaṅkāra</subfield>
    <subfield code="v">Commentaries.</subfield>
  </datafield>
  <datafield tag="630" ind1="0" ind2="0">
    <subfield code="a">Tripiṭaka.</subfield>
    <subfield code="p">Sūtrapiṭaka.</subfield>
    <subfield code="p">Prajñāpāramitā</subfield>
    <subfield code="v">Commentaries.</subfield>
  </datafield>
  <datafield tag="630" ind1="0" ind2="0">
    <subfield code="a">Pañcaviṃśatisāhasrikā</subfield>
    <subfield code="v">Commentaries.</subfield>
  </datafield>
</record>