

<record xmlns="http://www.loc.gov/MARC21/slim"
xmlns:xsi="http://www.w3.org/2001/XMLSchema-instance"
xsi:schemaLocation="http://www.loc.gov/MARC21/slim
http://www.loc.gov/standards/marcxml/schema/MARC21slim.xsd">
  <leader>00983nam a2200253 a 4500</leader>
  <controlfield tag="001">008607676-0</controlfield>
  <controlfield tag="005">20020606104010.5</controlfield>
  <controlfield tag="008">010404s1992    cc            000|0 tib d</controlfield>
  <datafield tag="020" ind1=" " ind2=" ">
    <subfield code="a">7542002945</subfield>
  </datafield>
  <datafield tag="035" ind1="0" ind2=" ">
    <subfield code="a">ocm84945325</subfield>
  </datafield>
  <datafield tag="043" ind1=" " ind2=" ">
    <subfield code="a">a-cc-ti</subfield>
  </datafield>
  <datafield tag="100" ind1="0" ind2=" ">
    <subfield code="a">Tshe-mchog-gliṅ Ye-śes-rgyal-mtshan,</subfield>
    <subfield code="d">1713-1793.</subfield>
  </datafield>
  <datafield tag="245" ind1="1" ind2="0">
    <subfield code="a">Theg pa chen po&apos;i blo sbyoṅ gi khrid yig blo bzaṅ dgoṅs rgyan źes bya ba bźugs so /</subfield>
    <subfield code="c">[Yoṅs-&apos;dzin Ye-śes Rgyal-mthan]</subfield>
  </datafield>
  <datafield tag="246" ind1="1" ind2="4">
    <subfield code="a">Blo sbyoṅ don bdun ma&apos;i sñiṅ bo bźugs so</subfield>
  </datafield>
  <datafield tag="246" ind1="3" ind2=" ">
    <subfield code="i">Colophon title:</subfield>
    <subfield code="a">Blo sbyoṅ don bdun pa&apos;i sñiṅ bo</subfield>
  </datafield>
  <datafield tag="246" ind1="3" ind2="3">
    <subfield code="a">Blo sbyoṅ chen mo</subfield>
  </datafield>
  <datafield tag="260" ind1=" " ind2=" ">
    <subfield code="a">[s.n.]</subfield>
    <subfield code="b">Mtsho sṅon mi rigs dpe skrun khaṅ,</subfield>
    <subfield code="c">1992.</subfield>
  </datafield>
  <datafield tag="300" ind1=" " ind2=" ">
    <subfield code="a">727 p. ;</subfield>
    <subfield code="c">27 cm.</subfield>
  </datafield>
  <datafield tag="490" ind1="0" ind2=" ">
    <subfield code="a">Gaṅs ljoṅs rigs pa&apos;i dpe thsogs</subfield>
  </datafield>
  <datafield tag="500" ind1=" " ind2=" ">
    <subfield code="a">An explanation of the seven point mind training system of the Kadampa Sect.</subfield>
  </datafield>
  <datafield tag="500" ind1=" " ind2=" ">
    <subfield code="a">Author&apos;s name appears only in colophon.</subfield>
  </datafield>
  <datafield tag="546" ind1=" " ind2=" ">
    <subfield code="a">In Tibetan.</subfield>
  </datafield>
  <datafield tag="650" ind1=" " ind2="0">
    <subfield code="a">Spiritual life</subfield>
    <subfield code="x">Bka&apos;-gdams-pa (Sect)</subfield>
  </datafield>
</record>