

<record xmlns="http://www.loc.gov/MARC21/slim"
xmlns:xsi="http://www.w3.org/2001/XMLSchema-instance"
xsi:schemaLocation="http://www.loc.gov/MARC21/slim
http://www.loc.gov/standards/marcxml/schema/MARC21slim.xsd">
  <leader>00727nam a22002177a 4500</leader>
  <controlfield tag="001">008609746-6</controlfield>
  <controlfield tag="005">20020606104010.5</controlfield>
  <controlfield tag="008">010406s1993    cc            000|0 tib d</controlfield>
  <datafield tag="020" ind1=" " ind2=" ">
    <subfield code="a">7542002341</subfield>
  </datafield>
  <datafield tag="035" ind1="0" ind2=" ">
    <subfield code="a">ocm80954562</subfield>
  </datafield>
  <datafield tag="043" ind1=" " ind2=" ">
    <subfield code="a">a-cc-ti</subfield>
  </datafield>
  <datafield tag="245" ind1="1" ind2="0">
    <subfield code="a">Rñiṅ ma&apos;i chos spyod phyogs bsgrigs bźugs so.</subfield>
  </datafield>
  <datafield tag="250" ind1=" " ind2=" ">
    <subfield code="a">Par theṅs 1.</subfield>
  </datafield>
  <datafield tag="260" ind1=" " ind2=" ">
    <subfield code="a">[S.l.] :</subfield>
    <subfield code="b">Mtsho sṅon mi rigs dpe skrun khaṅ,</subfield>
    <subfield code="c">1993.</subfield>
  </datafield>
  <datafield tag="300" ind1=" " ind2=" ">
    <subfield code="a">6, 627 p. ;</subfield>
    <subfield code="c">19 cm.</subfield>
  </datafield>
  <datafield tag="490" ind1="0" ind2=" ">
    <subfield code="a">Gaṅs ljoṅs rigs pa&apos;i dpe tshogs</subfield>
  </datafield>
  <datafield tag="500" ind1=" " ind2=" ">
    <subfield code="a">Compilation of liturgical works from the Nyingma Sect of Tibetan Buddhsim.</subfield>
  </datafield>
  <datafield tag="546" ind1=" " ind2=" ">
    <subfield code="a">In Tibetan.</subfield>
  </datafield>
  <datafield tag="650" ind1=" " ind2="0">
    <subfield code="a">Rñiṅ-ma-pa (Sect)</subfield>
    <subfield code="x">Prayers and devotions</subfield>
    <subfield code="v">Texts.</subfield>
  </datafield>
  <datafield tag="650" ind1=" " ind2="0">
    <subfield code="a">Rñiṅ-ma-pa (Sect)</subfield>
    <subfield code="x">Rituals</subfield>
    <subfield code="v">Texts.</subfield>
  </datafield>
</record>