

<record xmlns="http://www.loc.gov/MARC21/slim"
xmlns:xsi="http://www.w3.org/2001/XMLSchema-instance"
xsi:schemaLocation="http://www.loc.gov/MARC21/slim
http://www.loc.gov/standards/marcxml/schema/MARC21slim.xsd">
  <leader>00794nam a22001937a 4500</leader>
  <controlfield tag="001">008619906-4</controlfield>
  <controlfield tag="005">20020606104010.5</controlfield>
  <controlfield tag="008">010419s1998    ii            000|0 tib d</controlfield>
  <datafield tag="035" ind1="0" ind2=" ">
    <subfield code="a">ocm56922749</subfield>
  </datafield>
  <datafield tag="043" ind1=" " ind2=" ">
    <subfield code="a">a-cc-ti</subfield>
  </datafield>
  <datafield tag="100" ind1="0" ind2=" ">
    <subfield code="a">Gtsaṅ-pa Rgya-ras Ye-śes-rdo-rje,</subfield>
    <subfield code="d">1161-1211.</subfield>
  </datafield>
  <datafield tag="245" ind1="1" ind2="0">
    <subfield code="a">&apos;Gro-ba&apos;i mgon-po Chos-rjer Tsaṅ-pa Rgya-ras Ye-Shes Rdo-rje mchog-gi gsuṅ-&apos;bum rin-po-che bzhugs-so /</subfield>
    <subfield code="c">[Chos-rje Gtsaṅ-pa Rgya-ras Ye-śes-rdo-rje]</subfield>
  </datafield>
  <datafield tag="246" ind1="1" ind2="4">
    <subfield code="a">Chos-rje &apos;gro ba&apos;i mgon po Gtsaṅ-pa Rgya-ras Ye-śes-rdo-rje mchog gi gsuṅ &apos;bum rin po che bźugs so</subfield>
  </datafield>
  <datafield tag="260" ind1=" " ind2=" ">
    <subfield code="a">Delhi :</subfield>
    <subfield code="b">Shah Offset Press,</subfield>
    <subfield code="c">1998.</subfield>
  </datafield>
  <datafield tag="300" ind1=" " ind2=" ">
    <subfield code="a">662 [i.e. 661] p. ;</subfield>
    <subfield code="c">9 x 43 cm.</subfield>
  </datafield>
  <datafield tag="546" ind1=" " ind2=" ">
    <subfield code="a">In Tibetan.</subfield>
  </datafield>
  <datafield tag="500" ind1=" " ind2=" ">
    <subfield code="a">Collected works of Gtsaṅ-pa Rgya-ras Ye-śes-rdo-rje.</subfield>
  </datafield>
  <datafield tag="650" ind1=" " ind2="0">
    <subfield code="a">Buddhism</subfield>
    <subfield code="z">China</subfield>
    <subfield code="z">Tibet Autonomous Region.</subfield>
  </datafield>
</record>