

<record xmlns="http://www.loc.gov/MARC21/slim"
xmlns:xsi="http://www.w3.org/2001/XMLSchema-instance"
xsi:schemaLocation="http://www.loc.gov/MARC21/slim
http://www.loc.gov/standards/marcxml/schema/MARC21slim.xsd">
  <leader>02055nam a22003137a 4500</leader>
  <controlfield tag="001">008633297-X</controlfield>
  <controlfield tag="005">20020606104010.5</controlfield>
  <controlfield tag="008">010502q19901999cc a          000|0dtib d</controlfield>
  <datafield tag="035" ind1="0" ind2=" ">
    <subfield code="a">ocm82210936</subfield>
  </datafield>
  <datafield tag="043" ind1=" " ind2=" ">
    <subfield code="a">a-cc-ti</subfield>
  </datafield>
  <datafield tag="100" ind1="0" ind2=" ">
    <subfield code="a">Dge-ʼdun-grub,</subfield>
    <subfield code="c">Dalai Lama I,</subfield>
    <subfield code="d">1391-1474.</subfield>
  </datafield>
  <datafield tag="245" ind1="1" ind2="0">
    <subfield code="a">Phyag na pad dkar &apos;chaṅ ba thams cad mkyen pa rje Dge-&apos;dun-grub dpal bzaṅ po&apos;i gsuṅ &apos;bum /</subfield>
    <subfield code="c">[Dge-ʼdun-grub]</subfield>
  </datafield>
  <datafield tag="260" ind1=" " ind2=" ">
    <subfield code="a">[Chengdu :</subfield>
    <subfield code="b">s.n.,</subfield>
    <subfield code="c">199-]</subfield>
  </datafield>
  <datafield tag="300" ind1=" " ind2=" ">
    <subfield code="a">6 v. ;</subfield>
    <subfield code="c">52 x 11 cm</subfield>
  </datafield>
  <datafield tag="500" ind1=" " ind2=" ">
    <subfield code="a">Title from boards.</subfield>
  </datafield>
  <datafield tag="546" ind1=" " ind2=" ">
    <subfield code="a">In Tibetan.</subfield>
  </datafield>
  <datafield tag="500" ind1=" " ind2=" ">
    <subfield code="a">Collected works of the First Dalai Lama.</subfield>
  </datafield>
  <datafield tag="505" ind1="0" ind2=" ">
    <subfield code="a">v. 1. &apos;Dul ba&apos;i gleṅ &apos;bum -- v. 2. &apos;Dul ba&apos;i gleṅ &apos;bum: dum bu phyi ma -- v. 3. &apos;Dul ba mdo&apos;i dgoṅs pa gsal bar byed pa -- v. 4. Mṅon pa mdzod kyi rnam bśad; So so thar pa&apos;i mdo&apos;i rnam bśad; Dbu ma la &apos;jug pa&apos;i dgoṅs rab tu gsal ba&apos;i me loṅ; Dbu ma rtsa ba śes rab kyi ṅag &apos;don bshad pa -- v. 5. Tshad ma&apos;i spyi don rigs rgyan chen mo; Tshad ma rnam &apos;grel le&apos;u bźi&apos;i ṭika -- v. 6. Rnam thar and other short works.</subfield>
  </datafield>
  <datafield tag="500" ind1=" " ind2=" ">
    <subfield code="a">Volume six includes the biography of Dge-ʼdun-grub, &quot;Dge &apos;dun grub pa&apos;i rnam thar nor bu&apos;i phreṅ ba&quot;, written by Pan-chen Ye-śes-rtse-mo.</subfield>
  </datafield>
  <datafield tag="500" ind1=" " ind2=" ">
    <subfield code="a">Volume six also includes &quot;Dge &apos;dun grub pa&apos;i rnam thar ṅo mtshar mdzad pa bcu gñis&quot;, by Las-chen Kun-dgaʼ-rgyal-mtshan.</subfield>
  </datafield>
  <datafield tag="500" ind1=" " ind2=" ">
    <subfield code="a">Volume six also includes &quot;Rnam-rgyal-grags-pa&apos;i dri ba,&quot; questions on Byaṅ-bdag Rnam-rgya-grags-pa&apos;s &quot;Abhisamayālaṅkāra-karika&quot;.</subfield>
  </datafield>
  <datafield tag="650" ind1=" " ind2="0">
    <subfield code="a">Dge-lugs-pa (Sect)</subfield>
    <subfield code="x">Doctrines.</subfield>
  </datafield>
  <datafield tag="700" ind1="1" ind2=" ">
    <subfield code="a">Ye-śes-rtse-mo,</subfield>
    <subfield code="c">Pan-chen,</subfield>
    <subfield code="d">1433-</subfield>
    <subfield code="t">Dge &apos;dun grub pa&apos;i rnam thar nor bu&apos;i phreṅ ba.</subfield>
  </datafield>
  <datafield tag="700" ind1="1" ind2=" ">
    <subfield code="a">Kun-dgaʼ-rgyal-mtshan,</subfield>
    <subfield code="c">Las-chen,</subfield>
    <subfield code="d">active 15th century.</subfield>
    <subfield code="t">Dge &apos;dun grub pa&apos;i rnam thar ṅo mtshar mdzad pa bcu gñis.</subfield>
  </datafield>
  <datafield tag="700" ind1="1" ind2=" ">
    <subfield code="a">Rnam-rgyal-grags-pa-bzaṅ-po,</subfield>
    <subfield code="c">Byaṅ-pa Rig-&apos;dzin-chen-po,</subfield>
    <subfield code="d">1395-1475.</subfield>
    <subfield code="t">Abhisamayālaṅkāra-karika.</subfield>
    <subfield code="l">Tibetan.</subfield>
  </datafield>
  <datafield tag="740" ind1="0" ind2=" ">
    <subfield code="a">Dge &apos;dun grub pa&apos;i rnam thar nor bu&apos;i phreṅ ba.</subfield>
  </datafield>
  <datafield tag="740" ind1="0" ind2=" ">
    <subfield code="a">Dge &apos;dun grub pa&apos;i rnam thar ṅo mtshar mdzad pa bcu gñis.</subfield>
  </datafield>
  <datafield tag="740" ind1="0" ind2=" ">
    <subfield code="a">Abhisamayālaṅkāra-karika.</subfield>
  </datafield>
</record>