

<record xmlns="http://www.loc.gov/MARC21/slim"
xmlns:xsi="http://www.w3.org/2001/XMLSchema-instance"
xsi:schemaLocation="http://www.loc.gov/MARC21/slim
http://www.loc.gov/standards/marcxml/schema/MARC21slim.xsd">
  <leader>00830nam a22002177a 4500</leader>
  <controlfield tag="001">008647971-7</controlfield>
  <controlfield tag="005">20020606104010.5</controlfield>
  <controlfield tag="008">010522q19901999cc a          000|0dtib d</controlfield>
  <datafield tag="035" ind1="0" ind2=" ">
    <subfield code="a">ocm80931716</subfield>
  </datafield>
  <datafield tag="043" ind1=" " ind2=" ">
    <subfield code="a">a-cc-ti</subfield>
  </datafield>
  <datafield tag="100" ind1="0" ind2="0">
    <subfield code="a">Blo-bzaṅ-thub-bstan-chos-kyi-ñi-ma,</subfield>
    <subfield code="c">Panchen Lama VI,</subfield>
    <subfield code="d">1883-1937</subfield>
  </datafield>
  <datafield tag="245" ind1="1" ind2="0">
    <subfield code="a">Paṇ-chen thams cad mkhyen pa Rje-btsun Blo-bzaṅ-thub-bstan-chos-kyi-ñi-ma-dge-legs-rnam-rgyal-dpal-bzaṅ-po&apos;i gsuṅ &apos;bum /</subfield>
    <subfield code="c">[Blo-bzaṅ-thub-bstan-chos-kyi-ñi-ma].</subfield>
  </datafield>
  <datafield tag="260" ind1=" " ind2=" ">
    <subfield code="a">[China? :</subfield>
    <subfield code="b">s.n.,</subfield>
    <subfield code="c">199-]</subfield>
  </datafield>
  <datafield tag="300" ind1=" " ind2=" ">
    <subfield code="a">5 v. :</subfield>
    <subfield code="b">ill. ;</subfield>
    <subfield code="c">52 x 11 cm.</subfield>
  </datafield>
  <datafield tag="500" ind1=" " ind2=" ">
    <subfield code="a">Title from boards.</subfield>
  </datafield>
  <datafield tag="546" ind1=" " ind2=" ">
    <subfield code="a">In Tibetan.</subfield>
  </datafield>
  <datafield tag="500" ind1=" " ind2=" ">
    <subfield code="a">Collected works of the Sixth Panchen Lama.</subfield>
  </datafield>
  <datafield tag="500" ind1=" " ind2=" ">
    <subfield code="a">Volume one was never printed.</subfield>
  </datafield>
  <datafield tag="650" ind1=" " ind2="0">
    <subfield code="a">Dge-lugs-pa (Sect)</subfield>
    <subfield code="x">Doctrines.</subfield>
  </datafield>
  <datafield tag="650" ind1=" " ind2="0">
    <subfield code="a">Buddhism</subfield>
    <subfield code="z">China</subfield>
    <subfield code="z">Tibet Autonomous Region</subfield>
    <subfield code="x">Rituals</subfield>
    <subfield code="x">Texts.</subfield>
  </datafield>
</record>