

<record xmlns="http://www.loc.gov/MARC21/slim"
xmlns:xsi="http://www.w3.org/2001/XMLSchema-instance"
xsi:schemaLocation="http://www.loc.gov/MARC21/slim
http://www.loc.gov/standards/marcxml/schema/MARC21slim.xsd">
  <leader>04535nam a22003257i 4500</leader>
  <controlfield tag="001">008786720-6</controlfield>
  <controlfield tag="005">20100819103630.0</controlfield>
  <controlfield tag="008">800401m19801999ii            00010 tibod</controlfield>
  <datafield tag="035" ind1="0" ind2=" ">
    <subfield code="a">ocm80043812</subfield>
  </datafield>
  <datafield tag="100" ind1="0" ind2=" ">
    <subfield code="a">Bskal-bzaṅ-rgya-mtsho,</subfield>
    <subfield code="c">Dalai Lama VII,</subfield>
    <subfield code="d">1708-1757.</subfield>
  </datafield>
  <datafield tag="240" ind1="1" ind2="0">
    <subfield code="a">Works.</subfield>
    <subfield code="f">1975</subfield>
  </datafield>
  <datafield tag="245" ind1="1" ind2="4">
    <subfield code="a">[The collected works (gsuṅ ʾbum) of the Seventh Dalai Lama Blo-bzaṅ-bskal-bzaṅ-rgya-mtsho].</subfield>
  </datafield>
  <datafield tag="246" ind1="3" ind2=" ">
    <subfield code="a">Rgyal-ba Bskal-bzaṅ-rgya-mtsho&apos;i gsuṅ &apos;bum</subfield>
  </datafield>
  <datafield tag="250" ind1=" " ind2=" ">
    <subfield code="a">Printed for the Tibetan Buddhist Higher Training School at the Yellow Pagoda in Beijing from the 1945 Drepung Ganden Phodrang blocks.</subfield>
  </datafield>
  <datafield tag="260" ind1="0" ind2=" ">
    <subfield code="a">[Kandze Prefecture :</subfield>
    <subfield code="b">s.n.,</subfield>
    <subfield code="c">1984-1985].</subfield>
  </datafield>
  <datafield tag="300" ind1=" " ind2=" ">
    <subfield code="a">7 v. ;</subfield>
    <subfield code="c">10 x 58 cm.</subfield>
  </datafield>
  <datafield tag="500" ind1=" " ind2=" ">
    <subfield code="a">Text in Tibetan.</subfield>
  </datafield>
  <datafield tag="520" ind1=" " ind2=" ">
    <subfield code="a">Writings of the famed Gelukpa spiritual leader and temporal ruler of Tibet.</subfield>
  </datafield>
  <datafield tag="500" ind1=" " ind2=" ">
    <subfield code="a">Title page and cover missing.</subfield>
  </datafield>
  <datafield tag="505" ind1="0" ind2=" ">
    <subfield code="a">v. 1. Dpal gsaṅ ba &apos;dus pa mi bskyod rdo rje&apos;i dkyil &apos;khor gyi cho ga&apos;i rnam par bśad pa dbaṅ don de ñid yaṅ gsal snaṅ ba rdo rje sems dpa&apos;i źal luṅ (dbaṅ bskur ba&apos;i cho ga) -- v. 2. Dga&apos; ldan lha brgya ma&apos;i &apos;khrid yig. Rdo rje &apos;jigs byed la brten pa&apos;i bla ma&apos;i rnal &apos;byor. Bla ma&apos;i rnal &apos;byor gyi rim pa maṅ po phyogs gcig tu bkod pa dṅos grub &apos;dud rtsi&apos;i char &apos;bebs. Rdo rje &apos;jigs byed la brten pa&apos;i bla ma&apos;i rnal &apos;byor rnams daṅ &apos;jigs byed dbaṅ gi brgyud &apos;debs. De&apos;i bsgyed rdzogs dmar &apos;khrid brgyud &apos;debs. &apos;Jigs byed kyi dbaṅ bśad chen mo. De&apos;i bskyed rim gyi &apos;khrid yig. De&apos;i tshogs mchod. &apos;Jigs byed dpa&apos; bo gcig pa&apos;i dkyil cho ga. Bde mchog lu e pa daṅ mitra nas brgyud pa&apos;i dbaṅ gi brgyud &apos;debs. Bril bu lha lṅa&apos;i dbaṅ gi brgyud &apos;debs. De&apos;i sgrub thabs. Lu i pa&apos;i tshogs mchod -- v. 3. Sṅon &apos;gro&apos;i chos bśad bya tshul. Bla ma daṅ saṅs rgyas byaṅ sems sogs la bstod ciṅ gsol ba &apos;debs &apos;brel ba&apos;i brtan bźugs kyi rim pa phyogs gcig tu bsgrigs pa dge legs ñin mor byed pa&apos;i snaṅ ba. Bcom ldan &apos;das dpal dus kyi &apos;khor lo&apos;i brgyud &apos;debs. De&apos;i mchog dbaṅ goṅ ma rnams bskur tshul. De&apos;i sku gsuṅ thugs yoṅs su rdzogs pa&apos;i sgrub thabs. De&apos;i thugs dkyil gyi sgrub thabs. De&apos;i tshogs mchod --</subfield>
  </datafield>
  <datafield tag="505" ind1="8" ind2=" ">
    <subfield code="a">v. 4. Bla ma byams pa rin po cher stsal ba&apos;i źal gdams sos gdal gñid las sloṅ ba&apos;i ñi ma la sogs pa ñams mgur gyi rim pa phyogs su bsdebs pa. Khri chen sprul pa&apos;i sku&apos;i rnam thar. Rdor sems lha bcu bdun ma&apos;i dbaṅ gi brgyud &apos;debs. De&apos;i sdrub thabs. De&apos;i dkyil cho ga. Spyan ras gzigs rgyal ba rgya mtsho&apos;i sgrub thabs. Rgyud sde nas gsuṅs pa&apos;i lha tshogs du ma&apos;i sgrub thabs kyi rim pa phyogs gcig tu bkod pa phen bde&apos;i &apos;dod dgu ster ba yoṅs &apos;du&apos;i &apos;khri. Spyan ras gzigs kha sar pā ṇi&apos;i sgrub thabs daṅ rjes gnaṅ bya tshul las tshogs kyi rim ba. Gsaṅ ba dag drag po sum sgril gyi sgrub thabs. &apos;Jam dpal dbyaṅs a ra pa tsa na lha lṅa&apos;i dbaṅ rgyud. De&apos;i sgrub thabs. De&apos;i dkyil cho ga. Mthu stobs thogs ba med pa&apos;i dam can chos sruṅ du ma la mchod gtor &apos;bul ba daṅ bskad bśags bstod bskul sogs kyi rim ba phyogs gcig tu bkod pa phrin las rnam bźi&apos;i &apos;dod &apos;jo. Dpal ldan lha mo&apos;i mṅa&apos; gsol -- v. 5. &apos;Khor chen sbyin srog. Bcu gcig źal gyi dbaṅ gi brgyud &apos;debs. De&apos;i dbaṅ cho ga. Smyuṅ gnas kyi cho ga. Sgro drug ba&apos;i gzuṅs kyi rnam bśad. Bstod sprin rgya mtsho&apos;i &apos;grel ba. &apos;Da&apos; ka ye śes kyi mdo &apos;grel. Smon lam śis brjod brtan bźugs bcas kyi rim pa phyogs gcig tu bkod pa nor bu dbaṅ gi rgyal po&apos;i do śal. Rgya hor bod kyi mchog dman bar pa la stsal ba&apos;i cha ba śog gi rim ba. Dwags po dge ba&apos;i bśes gñen gyis mdzad pa&apos;i &apos;jigs byed kyi dbaṅ cho ga la dag mchan gnaṅ ba. Bsaṅ sa mchod kyi rim pa phyogs gcig tu bkod pa --</subfield>
  </datafield>
  <datafield tag="505" ind1="8" ind2=" ">
    <subfield code="a">v. 6. Sku gsuṅ thugs rten gsar bźens kyi źal byaṅ rgyab yig smon lam &apos;dod gsol dkar chag deb ther mgo brjod bcas phyogs bsdebs su bkod pa lags tshogs dpal gyi baṅ mdzod. Bde bar gśegs pa&apos;i sku gzugs rten sogs kyi skor tshad kyi rim pa phyogs bsdebs byaṅ chen rgya mtshor bgrod pa&apos;i śiṅ rta -- v. 7. Chos sde che chuṅ gi bca&apos; yig sde brgyad la spriṅs yig lam yig sko &apos;ja&apos; sogs kyi rim pa phyogs gcig tu bsgrigs pa &apos;jigs med gdoṅ lda&apos;i sgo.</subfield>
  </datafield>
  <datafield tag="650" ind1=" " ind2="0">
    <subfield code="a">Dge-lugs-pa (Sect)</subfield>
  </datafield>
  <datafield tag="650" ind1=" " ind2="0">
    <subfield code="a">Buddhism.</subfield>
  </datafield>
  <datafield tag="600" ind1="1" ind2="0">
    <subfield code="a">Blo bzaṅ bstan pa&apos;i ñi ma,</subfield>
    <subfield code="d">1689-1772.</subfield>
  </datafield>
</record>