

<record xmlns="http://www.loc.gov/MARC21/slim"
xmlns:xsi="http://www.w3.org/2001/XMLSchema-instance"
xsi:schemaLocation="http://www.loc.gov/MARC21/slim
http://www.loc.gov/standards/marcxml/schema/MARC21slim.xsd">
  <leader>01934nam a22003617i 4500</leader>
  <controlfield tag="001">008787440-7</controlfield>
  <controlfield tag="005">20020606104010.5</controlfield>
  <controlfield tag="008">800513m19751999ii            000 0dtibod</controlfield>
  <datafield tag="035" ind1="0" ind2=" ">
    <subfield code="a">ocm83770707</subfield>
  </datafield>
  <datafield tag="041" ind1="0" ind2=" ">
    <subfield code="a">tib</subfield>
  </datafield>
  <datafield tag="100" ind1="0" ind2=" ">
    <subfield code="a">Ṅag-dbaṅ-blo-bzaṅ-bstan-paʾi-rgyal-mtshan,</subfield>
    <subfield code="c">Lcaṅ-luṅ Paṇḍita,</subfield>
    <subfield code="d">1770-1846.</subfield>
  </datafield>
  <datafield tag="240" ind1="1" ind2="0">
    <subfield code="a">Works.</subfield>
    <subfield code="f">1975</subfield>
  </datafield>
  <datafield tag="245" ind1="0" ind2="4">
    <subfield code="a">[The collected works of Lcaṅ-luṅ Pandi-ta Ṅag-dbaṅ-blo-bzaṅ-bstan-paʾi-rgyal-mtshan].</subfield>
  </datafield>
  <datafield tag="246" ind1="3" ind2=" ">
    <subfield code="a">Ṅag-dbaṅ-blo-bzaṅ-bstan-paʾi-rgyal-mtshan gyi gsuṅ ʾbum</subfield>
  </datafield>
  <datafield tag="246" ind1="3" ind2=" ">
    <subfield code="a">Btsun-pa Ṅag-bdaṅ-blo-bzaṅ-bstan-pa&apos;i-rgyal-mtshan gyi ṅag thor</subfield>
  </datafield>
  <datafield tag="250" ind1=" " ind2=" ">
    <subfield code="a">Printed from blocks preserved at Bsod-nams-kun-sdud-gliṅ in the AbaGa Banner of the CuGuGan League.</subfield>
  </datafield>
  <datafield tag="260" ind1=" " ind2=" ">
    <subfield code="a">[Lhasa :</subfield>
    <subfield code="b">Kruṅ go&apos;i then cin dpe rñiṅ dpar skrun khaṅ</subfield>
    <subfield code="c">1975-1999]</subfield>
  </datafield>
  <datafield tag="300" ind1=" " ind2=" ">
    <subfield code="a">6 v. ;</subfield>
    <subfield code="c">10 x 54 cm.</subfield>
  </datafield>
  <datafield tag="500" ind1=" " ind2=" ">
    <subfield code="a">Title page and cover missing.</subfield>
  </datafield>
  <datafield tag="546" ind1=" " ind2=" ">
    <subfield code="a">In Tibetan.</subfield>
  </datafield>
  <datafield tag="505" ind1="0" ind2=" ">
    <subfield code="a">v. 1-v. 5. Ṅag-thor -- v. 6. &apos;Khruṅs rabs gsol &apos;debs daṅ rnam thar le tshan</subfield>
  </datafield>
  <datafield tag="650" ind1=" " ind2="0">
    <subfield code="a">Dge-lugs-pa (Sect)</subfield>
  </datafield>
  <datafield tag="650" ind1=" " ind2="0">
    <subfield code="a">Buddhism.</subfield>
  </datafield>
  <datafield tag="740" ind1="0" ind2=" ">
    <subfield code="p">Ṅag-dbaṅ-blo-bzaṅ-bstan-pa&apos;i-rgyal-mtshan rnam thar gsol &apos;debs.</subfield>
  </datafield>
  <datafield tag="700" ind1="1" ind2=" ">
    <subfield code="a">Padma-badzra,</subfield>
    <subfield code="c">Bya-btaṅ Nom-chi Chos-rje</subfield>
    <subfield code="t">Ṅag-bdaṅ-blo-bzaṅ-bstan-pa&apos;i-rgyal-mtshan rnam thar gsol &apos;debs.</subfield>
  </datafield>
  <datafield tag="700" ind1="1" ind2=" ">
    <subfield code="a">Blo-bzaṅ-ʾphrin-las-rnam-rgyal,</subfield>
    <subfield code="c">Rgyal-dbaṅ Chos-rje Dar-han Mkhan-po</subfield>
    <subfield code="t">Ṅag dbaṅ blo bzaṅ bstan pa&apos;i rgyal mtshan rnam thar.</subfield>
  </datafield>
  <datafield tag="740" ind1="0" ind2=" ">
    <subfield code="a">ṅag dbaṅ blo bzaṅ bstan pa&apos;i rgyal mtshan rnam thar.</subfield>
  </datafield>
  <datafield tag="700" ind1="1" ind2=" ">
    <subfield code="a">Blo-bzaṅ-chos-kyi-dbaṅ-phyug,</subfield>
    <subfield code="c">Stag-phu Sprul-sku II</subfield>
    <subfield code="t">Ṅag-dbaṅ-blo-bzaṅ-bstan-pa&apos;i-rgyal-mtshan &apos;khruṅs rabs gsol &apos;debs.</subfield>
  </datafield>
  <datafield tag="740" ind1="0" ind2=" ">
    <subfield code="a">Ṅag-dbaṅ-blo-bzaṅ-bstan-pa&apos;i-rgyal-mtshan &apos;khruṅs rabs gsol &apos;debs.</subfield>
  </datafield>
  <datafield tag="700" ind1="1" ind2=" ">
    <subfield code="a">Dpal-ldan-ye-śes,</subfield>
    <subfield code="c">Panchen Lama III</subfield>
    <subfield code="t">Lcaṅ luṅ skyes rabs gsol &apos;debs rgyal ba&apos;i mkhyen rab ma.</subfield>
  </datafield>
  <datafield tag="740" ind1="0" ind2=" ">
    <subfield code="a">Lcaṅ luṅ skyes rabs gsol &apos;debs rgyal ba&apos;i mkhyen rab ma.</subfield>
  </datafield>
</record>