

<record xmlns="http://www.loc.gov/MARC21/slim"
xmlns:xsi="http://www.w3.org/2001/XMLSchema-instance"
xsi:schemaLocation="http://www.loc.gov/MARC21/slim
http://www.loc.gov/standards/marcxml/schema/MARC21slim.xsd">
  <leader>00894nam a22002417a 4500</leader>
  <controlfield tag="001">008835895-X</controlfield>
  <controlfield tag="005">20040526132053.0</controlfield>
  <controlfield tag="008">020207q19001999ii            000|0 tib d</controlfield>
  <datafield tag="035" ind1="0" ind2=" ">
    <subfield code="a">ocm77878838</subfield>
  </datafield>
  <datafield tag="043" ind1=" " ind2=" ">
    <subfield code="a">a-cc-ti</subfield>
  </datafield>
  <datafield tag="100" ind1="0" ind2=" ">
    <subfield code="a">Smon-lam-dpal,</subfield>
    <subfield code="c">Khri-chen VIII,</subfield>
    <subfield code="d">1414-</subfield>
  </datafield>
  <datafield tag="245" ind1="1" ind2="0">
    <subfield code="a">[Tshad ma rnam &apos;grel gyi le&apos;u bźi&apos;i ṭikka /</subfield>
    <subfield code="c">Smon-lam-dpal-bas mdzad pa&apos;i]</subfield>
  </datafield>
  <datafield tag="246" ind1="3" ind2="3">
    <subfield code="a">Tshad ma rnam &apos;grel gyi ṭikka</subfield>
  </datafield>
  <datafield tag="246" ind1="3" ind2="3">
    <subfield code="a">Rje-smon-lam-dpal-bas mdzad pa&apos;i tshad ma rnam &apos;grel gyi ṭikka</subfield>
  </datafield>
  <datafield tag="246" ind1="3" ind2="3">
    <subfield code="a">Smon-lam-dpal-bas mdzad pa&apos;i tshad ma rnam &apos;grel gyi ṭikka</subfield>
  </datafield>
  <datafield tag="260" ind1=" " ind2=" ">
    <subfield code="a">[India :</subfield>
    <subfield code="b">s.n.,</subfield>
    <subfield code="c">199-?]</subfield>
  </datafield>
  <datafield tag="300" ind1=" " ind2=" ">
    <subfield code="a">815 p. ;</subfield>
    <subfield code="c">53 x 10 cm.</subfield>
  </datafield>
  <datafield tag="500" ind1=" " ind2=" ">
    <subfield code="a">Missing title boards.</subfield>
  </datafield>
  <datafield tag="546" ind1=" " ind2=" ">
    <subfield code="a">In Tibetan.</subfield>
  </datafield>
  <datafield tag="500" ind1=" " ind2=" ">
    <subfield code="a">Detailed commentary on Dharmakīrti&apos;s Pramāṇavārṭikā.</subfield>
  </datafield>
  <datafield tag="600" ind1="0" ind2="0">
    <subfield code="a">Dharmakīrti,</subfield>
    <subfield code="d">active 7th century.</subfield>
    <subfield code="t">Pramāṇavārttikā.</subfield>
  </datafield>
  <datafield tag="650" ind1=" " ind2="0">
    <subfield code="a">Buddhist logic</subfield>
    <subfield code="v">Early works to 1800.</subfield>
  </datafield>
</record>