

<record xmlns="http://www.loc.gov/MARC21/slim"
xmlns:xsi="http://www.w3.org/2001/XMLSchema-instance"
xsi:schemaLocation="http://www.loc.gov/MARC21/slim
http://www.loc.gov/standards/marcxml/schema/MARC21slim.xsd">
  <leader>01688nam a22002657a 4500</leader>
  <controlfield tag="001">008840084-0</controlfield>
  <controlfield tag="005">20020606104010.5</controlfield>
  <controlfield tag="008">020212q19001999xx            000|0 tib d</controlfield>
  <datafield tag="035" ind1="0" ind2=" ">
    <subfield code="a">ocm83094743</subfield>
  </datafield>
  <datafield tag="043" ind1=" " ind2=" ">
    <subfield code="a">a-cc-ti</subfield>
  </datafield>
  <datafield tag="245" ind1="1" ind2="0">
    <subfield code="a">Bka&apos; gdams kyi skyes bu dam pa rnams kyi gsuṅ bgros thor bu pa rnams bźugs so /</subfield>
    <subfield code="c">[by the early masters of the Bka&apos;-gdams-pa tradition]. Dben sa sñan brgyud kyi bla ma&apos;i rnal &apos;byor thun moṅ ma yin pa daṅ &apos;brel ba&apos;i phyag chen gyi &apos;khrid man ṅag źal śes daṅ bcas pa&apos;i kha chems rluṅ la bskur ba&apos;i &apos;phrin yig bźugs so / [Tshul-khrims-ñi-ma].</subfield>
  </datafield>
  <datafield tag="260" ind1=" " ind2=" ">
    <subfield code="a">[S.l. :</subfield>
    <subfield code="b">s.n.,</subfield>
    <subfield code="c">199-?]</subfield>
  </datafield>
  <datafield tag="300" ind1=" " ind2=" ">
    <subfield code="a">312 p. ;</subfield>
    <subfield code="c">10 x 54 cm.</subfield>
  </datafield>
  <datafield tag="546" ind1=" " ind2=" ">
    <subfield code="a">In Tibetan.</subfield>
  </datafield>
  <datafield tag="500" ind1=" " ind2=" ">
    <subfield code="a">The Gsuṅ bgros is pp. 1-60. Bla phyag źal śes is pp. 61-312.</subfield>
  </datafield>
  <datafield tag="650" ind1=" " ind2="0">
    <subfield code="a">Bkaʾ-gdams-pa (Sect)</subfield>
    <subfield code="x">Customs and practices</subfield>
    <subfield code="v">Early works to 1800.</subfield>
  </datafield>
  <datafield tag="650" ind1=" " ind2="0">
    <subfield code="a">Religious life</subfield>
    <subfield code="x">Bka&apos;-gdams-pa (Sect)</subfield>
    <subfield code="v">Early works to 1800.</subfield>
  </datafield>
  <datafield tag="650" ind1=" " ind2="0">
    <subfield code="a">Mahāmudrā (Tantric rite)</subfield>
  </datafield>
  <datafield tag="650" ind1=" " ind2="0">
    <subfield code="a">Guru worship (Rite)</subfield>
    <subfield code="x">Buddhism.</subfield>
  </datafield>
  <datafield tag="650" ind1=" " ind2="0">
    <subfield code="a">Dge-lugs-pa (Sect)</subfield>
    <subfield code="x">Rituals</subfield>
    <subfield code="x">Texts.</subfield>
  </datafield>
  <datafield tag="700" ind1="0" ind2="2">
    <subfield code="a">Tshul-khrims-ñi-ma,</subfield>
    <subfield code="c">Blo-gsal-gliṅ Rgyal-mo-roṅ Dge-bśes.</subfield>
    <subfield code="t">Dben sa sñan brgyud kyi bla ma&apos;i rnal &apos;byor thun moṅ ma yin pa daṅ &apos;brel ba&apos;i phyag chen gyi &apos;khrid man ṅag źal śes daṅ bcas pa&apos;i kha chems rluṅ la bskur ba&apos;i &apos;phrin yig.</subfield>
  </datafield>
  <datafield tag="700" ind1="0" ind2="2">
    <subfield code="a">Tshul-khrims-ñi-ma,</subfield>
    <subfield code="c">Blo-gsal-gliṅ Rgyal-mo-roṅ Dge-bśes.</subfield>
    <subfield code="t">Phyag chen gyi &apos;khrid man ṅag źal śes.</subfield>
  </datafield>
  <datafield tag="740" ind1="0" ind2="2">
    <subfield code="a">Dben sa sñan brgyud kyi bla ma&apos;i rnal &apos;byor thun moṅ ma yin pa daṅ &apos;brel ba&apos;i phyag chen gyi &apos;khrid man ṅag źal śes daṅ bcas pa&apos;i kha chems rluṅ la bskur ba&apos;i &apos;phrin yig.</subfield>
  </datafield>
  <datafield tag="740" ind1="0" ind2="2">
    <subfield code="a">Phyag chen gyi &apos;khrid man ṅag źal śes.</subfield>
  </datafield>
</record>