

<record xmlns="http://www.loc.gov/MARC21/slim"
xmlns:xsi="http://www.w3.org/2001/XMLSchema-instance"
xsi:schemaLocation="http://www.loc.gov/MARC21/slim
http://www.loc.gov/standards/marcxml/schema/MARC21slim.xsd">
  <leader>00955nam a2200265Ia 4500</leader>
  <controlfield tag="001">008842760-9</controlfield>
  <controlfield tag="005">20090713035429.0</controlfield>
  <controlfield tag="008">000925s2001    ja       c    001 0 tib d</controlfield>
  <datafield tag="035" ind1="0" ind2=" ">
    <subfield code="a">ocm48954311</subfield>
  </datafield>
  <datafield tag="040" ind1=" " ind2=" ">
    <subfield code="a">VA@</subfield>
    <subfield code="c">VA@</subfield>
  </datafield>
  <datafield tag="041" ind1="1" ind2=" ">
    <subfield code="a">tibeng</subfield>
  </datafield>
  <datafield tag="090" ind1=" " ind2=" ">
    <subfield code="a">BQ7962</subfield>
    <subfield code="b">.C37 2001</subfield>
  </datafield>
  <datafield tag="245" ind1="0" ind2="2">
    <subfield code="a">A catalogue of the new collection of Bonpo Katen texts /</subfield>
    <subfield code="c">edited by Samten G. Karmay, Yasuhiko Nagano ; compiled by Tenpa Yungdrung with the assistance of Nagru Gelek Jinpa ... [et al.].</subfield>
  </datafield>
  <datafield tag="260" ind1=" " ind2=" ">
    <subfield code="a">Osaka :</subfield>
    <subfield code="b">National Museum of Ethnology,</subfield>
    <subfield code="c">2001.</subfield>
  </datafield>
  <datafield tag="300" ind1=" " ind2=" ">
    <subfield code="a">xiv, 1692 p. ;</subfield>
    <subfield code="c">26 cm. +</subfield>
    <subfield code="e">1 index (i, 318 p.) + 1 computer disc (4 3/4 in.).</subfield>
  </datafield>
  <datafield tag="440" ind1=" " ind2="0">
    <subfield code="a">Senri ethnological reports,</subfield>
    <subfield code="x">1340-6786 ;</subfield>
    <subfield code="v">24-25</subfield>
  </datafield>
  <datafield tag="490" ind1="1" ind2=" ">
    <subfield code="a">Bon studies ;</subfield>
    <subfield code="v">4-5</subfield>
  </datafield>
  <datafield tag="546" ind1=" " ind2=" ">
    <subfield code="a">Text in Tibetan; pref. and introd. in English.</subfield>
  </datafield>
  <datafield tag="500" ind1=" " ind2=" ">
    <subfield code="a">Computer disc in pocket of index.</subfield>
  </datafield>
  <datafield tag="650" ind1=" " ind2="0">
    <subfield code="a">Bon (Tibetan religion)</subfield>
    <subfield code="v">Sacred books</subfield>
    <subfield code="v">Bibliography</subfield>
    <subfield code="v">Catalogs.</subfield>
  </datafield>
  <datafield tag="700" ind1="0" ind2=" ">
    <subfield code="a">Tenpa Yungdrung.</subfield>
  </datafield>
  <datafield tag="700" ind1="1" ind2=" ">
    <subfield code="a">Karmay, Samten Gyaltsen.</subfield>
  </datafield>
  <datafield tag="700" ind1="1" ind2=" ">
    <subfield code="a">Nagano, Yasuhiko.</subfield>
  </datafield>
  <datafield tag="830" ind1=" " ind2="0">
    <subfield code="a">Senri ethnological reports.</subfield>
    <subfield code="p">Bon studies ;</subfield>
    <subfield code="v">4-5.</subfield>
  </datafield>
</record>