

<record xmlns="http://www.loc.gov/MARC21/slim"
xmlns:xsi="http://www.w3.org/2001/XMLSchema-instance"
xsi:schemaLocation="http://www.loc.gov/MARC21/slim
http://www.loc.gov/standards/marcxml/schema/MARC21slim.xsd">
  <leader>02270nam a22003137a 4500</leader>
  <controlfield tag="001">008849465-9</controlfield>
  <controlfield tag="005">20020606104010.5</controlfield>
  <controlfield tag="008">020226r19971900cc a     b    000|0 tib d</controlfield>
  <datafield tag="035" ind1="0" ind2=" ">
    <subfield code="a">ocm80927559</subfield>
  </datafield>
  <datafield tag="043" ind1=" " ind2=" ">
    <subfield code="a">a-cc-ti</subfield>
  </datafield>
  <datafield tag="100" ind1="1" ind2=" ">
    <subfield code="a">Blo-bzaṅ-nor-bu-śes-rab,</subfield>
    <subfield code="c">Lha-bstun,</subfield>
    <subfield code="d">1677-</subfield>
  </datafield>
  <datafield tag="240" ind1="1" ind2="0">
    <subfield code="a">Works.</subfield>
  </datafield>
  <datafield tag="245" ind1="1" ind2="0">
    <subfield code="a">[Bskal-bzaṅ saṅs rgyas stoṅ phrag gi phyag mchod smon lam daṅ bcas pa bsod nams kyi myu gu &apos;phel bar byed pa&apos;i &apos;dud rtsi&apos;i char chen źes bya ba /</subfield>
    <subfield code="c">Lha&apos;i-btsun-pa Su-ma-ti-maṇi-pradzñā].</subfield>
  </datafield>
  <datafield tag="246" ind1="3" ind2=" ">
    <subfield code="a">Blo-bzaṅ-nor-bu-śes-rab kyi gsuṅ &apos;bum</subfield>
  </datafield>
  <datafield tag="246" ind1="3" ind2=" ">
    <subfield code="a">Gsuṅ-&apos;bum</subfield>
  </datafield>
  <datafield tag="260" ind1=" " ind2=" ">
    <subfield code="a">[Beijing :</subfield>
    <subfield code="b">Yellow Pagoda,</subfield>
    <subfield code="c">1996 or 1997]</subfield>
  </datafield>
  <datafield tag="300" ind1=" " ind2=" ">
    <subfield code="a">7 v. ;</subfield>
    <subfield code="c">10 x 45 cm.</subfield>
  </datafield>
  <datafield tag="500" ind1=" " ind2=" ">
    <subfield code="a">Title boards missing.</subfield>
  </datafield>
  <datafield tag="546" ind1=" " ind2=" ">
    <subfield code="a">In Tibetan.</subfield>
  </datafield>
  <datafield tag="500" ind1=" " ind2=" ">
    <subfield code="a">Title from first work of first volume.</subfield>
  </datafield>
  <datafield tag="500" ind1=" " ind2=" ">
    <subfield code="a">Work is unaltered reprint of unknown title, xylographed in Beijing and described in Lokesh Chandra&apos;s &quot;Materials for a History of Tibetan Literature&quot; v. 2 pp. 39.</subfield>
  </datafield>
  <datafield tag="505" ind1="0" ind2=" ">
    <subfield code="a">v. 1. includes: Bskal bzaṅ saṅs stoṅ phrag gi phyag mchod mon lam daṅ bcas pa bsod nams kyi myu gu &apos;phel bar byed pa&apos;i bdud rtsi&apos;i char chen -- Skyabs &apos;gro&apos;i khrid yig thar pa&apos;i them skas -- Bslab pa yoṅs su syoṅ ba&apos;i cho ga -- Rab gnas kyi tsho ga dge legs char &apos;bebs kyi dgoṅs don rab gsal -- Myur mdzad ye śes mgon po&apos;i mdos kyi cho ga -- [other assorted works] -- v. 2. includes: Rdo rje sems dpa&apos;i bsgom bzlas bya tshul -- Bcom ldan &apos;das rdo rje mi &apos;khrugs pa&apos;i cho ga -- Bcom ldan &apos;das mi &apos;khrugs pa&apos;i sgo nas gśin po rjes su &apos;dzin tshul lho sgo&apos;i cho ga -- Dpal rdo rje rnam par &apos;joms pa&apos;i cho ga -- Sgrol ma g.yul bzlog ji ltar bya ba&apos;i cho ga -- [other assorted works] -- v. 3-6. Yi dam rgya mtsho&apos;i sgrub thabs rin chen &apos;byuṅ gnas kyi lhan thabs gsal ba&apos;i me loṅ las -- v. 7. Zab pa daṅ rgya che ba&apos;i dam pa&apos;i chos kyi thob yig gsal ba&apos;i sgron me.</subfield>
  </datafield>
  <datafield tag="650" ind1=" " ind2="0">
    <subfield code="a">Bkaʼ-gdams-pa (Sect)</subfield>
    <subfield code="x">Doctrines</subfield>
    <subfield code="v">Early works to 1800.</subfield>
  </datafield>
  <datafield tag="650" ind1=" " ind2="0">
    <subfield code="a">Bkaʼ-gdams-pa (Sect)</subfield>
  </datafield>
  <datafield tag="650" ind1=" " ind2="0">
    <subfield code="a">Buddhism</subfield>
    <subfield code="x">Doctrines</subfield>
    <subfield code="v">Early works to 1800.</subfield>
  </datafield>
  <datafield tag="650" ind1=" " ind2="0">
    <subfield code="a">Buddhism</subfield>
    <subfield code="z">China</subfield>
    <subfield code="z">Tibet Autonomous Region.</subfield>
  </datafield>
  <datafield tag="700" ind1="1" ind2=" ">
    <subfield code="a">Bstan-paʼi-ñi-ma,</subfield>
    <subfield code="c">Panchen Lama IV,</subfield>
    <subfield code="d">1781-1854.</subfield>
    <subfield code="t">Sgrub thabs rin &apos;byuṅ gi lhan thabs rin &apos;byuṅ don gsal.</subfield>
  </datafield>
  <datafield tag="740" ind1=" " ind2=" ">
    <subfield code="a">Sgrub thabs rin &apos;byuṅ gi lhan thabs rin &apos;byuṅ don gsal.</subfield>
  </datafield>
</record>