

<record xmlns="http://www.loc.gov/MARC21/slim"
xmlns:xsi="http://www.w3.org/2001/XMLSchema-instance"
xsi:schemaLocation="http://www.loc.gov/MARC21/slim
http://www.loc.gov/standards/marcxml/schema/MARC21slim.xsd">
  <leader>02535njm a2200433 a 4500</leader>
  <controlfield tag="001">008889172-0</controlfield>
  <controlfield tag="005">20060314161700.0</controlfield>
  <controlfield tag="008">020417p20001975fr fmnn  hi      |  tib d</controlfield>
  <datafield tag="024" ind1="1" ind2=" ">
    <subfield code="a">794881492121</subfield>
  </datafield>
  <datafield tag="028" ind1="0" ind2="2">
    <subfield code="a">C 560133/34</subfield>
    <subfield code="b">Ocora Radio France</subfield>
  </datafield>
  <datafield tag="035" ind1="0" ind2=" ">
    <subfield code="a">ocm47958382</subfield>
  </datafield>
  <datafield tag="040" ind1=" " ind2=" ">
    <subfield code="a">TFW</subfield>
    <subfield code="c">TFW</subfield>
    <subfield code="d">HMU</subfield>
  </datafield>
  <datafield tag="041" ind1="0" ind2=" ">
    <subfield code="d">tib</subfield>
    <subfield code="g">fregereng</subfield>
    <subfield code="h">fre</subfield>
  </datafield>
  <datafield tag="043" ind1=" " ind2=" ">
    <subfield code="a">a-cc-ti</subfield>
  </datafield>
  <datafield tag="245" ind1="0" ind2="0">
    <subfield code="a">Monastère de Gyütö</subfield>
    <subfield code="h">[sound recording] =</subfield>
    <subfield code="b">The monastery of Gyütö.</subfield>
  </datafield>
  <datafield tag="246" ind1="3" ind2="0">
    <subfield code="a">Monastery of Gyütö</subfield>
  </datafield>
  <datafield tag="246" ind1="1" ind2=" ">
    <subfield code="i">Subtitle on container:</subfield>
    <subfield code="a">Voix des tantra</subfield>
  </datafield>
  <datafield tag="246" ind1="1" ind2=" ">
    <subfield code="i">Parallel subtitle on container:</subfield>
    <subfield code="a">Voice of the tantra</subfield>
  </datafield>
  <datafield tag="260" ind1=" " ind2=" ">
    <subfield code="a">Paris, France :</subfield>
    <subfield code="b">Ocora Radio France :</subfield>
    <subfield code="b">Distribution Harmonia Mundi,</subfield>
    <subfield code="c">p2000.</subfield>
  </datafield>
  <datafield tag="300" ind1=" " ind2=" ">
    <subfield code="a">2 sound discs :</subfield>
    <subfield code="b">digital ;</subfield>
    <subfield code="c">4 3/4 in.</subfield>
  </datafield>
  <datafield tag="440" ind1=" " ind2="0">
    <subfield code="a">Collection Ocora Radio France.</subfield>
    <subfield code="p">Tibet</subfield>
  </datafield>
  <datafield tag="500" ind1=" " ind2=" ">
    <subfield code="a">Tibetan Buddhist tantra chant of Gyütö monastery.</subfield>
  </datafield>
  <datafield tag="500" ind1=" " ind2=" ">
    <subfield code="a">Instruments used: dordjé, ritual sceptre, damaru, double-headed drum, bugtsal, rölmo, silnyan, large cymbals, rnga, large double-skinned frame drums.</subfield>
  </datafield>
  <datafield tag="511" ind1="0" ind2=" ">
    <subfield code="a">Sung by the monks of the Tantric College of Gyütö, the first generation of Tibetan monks in exile in India.</subfield>
  </datafield>
  <datafield tag="518" ind1=" " ind2=" ">
    <subfield code="a">Recorded live by Radio France during the Festival d&apos;Automne at Bouffes du Nord Theater in Paris, Oct. 3, 1975.</subfield>
  </datafield>
  <datafield tag="500" ind1=" " ind2=" ">
    <subfield code="a">Compact discs.</subfield>
  </datafield>
  <datafield tag="500" ind1=" " ind2=" ">
    <subfield code="a">Program notes with commentary by Mireille Helffer and Daniel Caux in French with English and German translations ([23] p. : ill.) bound in container.</subfield>
  </datafield>
  <datafield tag="505" ind1="0" ind2=" ">
    <subfield code="a">CD 1. Tantra dit de &quot;l&apos;Assemblée secrète = Recitation of an excerpt of the so-called &quot;Secret assembly&quot; or &quot;Secred unity&quot; tantra (Gsang-ba &apos;dus-pa, Sanskrit: Guhyasamâya) (8:44) ; Initiation au culte de Yamantaka = Excerpt of an initiation ceremony (dBang) to the cult of Yamantaka, a fierce appearance of the Bodhisattva Manjushri (23:54) ; Rituel de consécration = Excerpt from a consecration ritual (Rab-gnas) (17:01) -- CD 2. &quot;Le Grand Noir&quot; (Mahâkâla) = &quot;The Great Dark One&quot; (Nag-po chen-po, Sanskrit: Mahâkâla) (25:34) ; Libation dorée = Golden libation (Gser-skyems) (10:48) ; Prière de &quot;Bon augure&quot; = Prayer for a &quot;Good omen&quot; (Bkra-shis smon-lam) (3:29)</subfield>
  </datafield>
  <datafield tag="650" ind1=" " ind2="0">
    <subfield code="a">Buddhist chants</subfield>
    <subfield code="z">China</subfield>
    <subfield code="z">Tibet Autonomous Region.</subfield>
  </datafield>
  <datafield tag="650" ind1=" " ind2="0">
    <subfield code="a">Buddhism</subfield>
    <subfield code="x">Rituals.</subfield>
  </datafield>
  <datafield tag="650" ind1=" " ind2="0">
    <subfield code="a">Tantric Buddhism</subfield>
    <subfield code="x">Rituals.</subfield>
  </datafield>
  <datafield tag="650" ind1=" " ind2="0">
    <subfield code="a">Monks</subfield>
    <subfield code="z">China</subfield>
    <subfield code="z">Tibet Autonomous Region.</subfield>
  </datafield>
  <datafield tag="650" ind1=" " ind2="0">
    <subfield code="a">Monks</subfield>
    <subfield code="z">India.</subfield>
  </datafield>
  <datafield tag="650" ind1=" " ind2="0">
    <subfield code="a">Tibetans</subfield>
    <subfield code="z">India</subfield>
    <subfield code="v">Music.</subfield>
  </datafield>
  <datafield tag="650" ind1=" " ind2="0">
    <subfield code="a">Music</subfield>
    <subfield code="z">China</subfield>
    <subfield code="z">Tibet Autonomous Region.</subfield>
  </datafield>
  <datafield tag="710" ind1="2" ind2=" ">
    <subfield code="a">Tibetan Tantric Choir.</subfield>
  </datafield>
</record>