

<record xmlns="http://www.loc.gov/MARC21/slim"
xmlns:xsi="http://www.w3.org/2001/XMLSchema-instance"
xsi:schemaLocation="http://www.loc.gov/MARC21/slim
http://www.loc.gov/standards/marcxml/schema/MARC21slim.xsd">
  <leader>     nam a2200301Ia 4500</leader>
  <controlfield tag="001">008911396-9</controlfield>
  <controlfield tag="005">20070117142017.0</controlfield>
  <controlfield tag="008">070117q17291737cc            001 0 tib d</controlfield>
  <datafield tag="035" ind1="0" ind2=" ">
    <subfield code="a">ocm78615983</subfield>
  </datafield>
  <datafield tag="040" ind1=" " ind2=" ">
    <subfield code="a">HMY</subfield>
    <subfield code="c">HMY</subfield>
  </datafield>
  <datafield tag="130" ind1="0" ind2=" ">
    <subfield code="6">880-01</subfield>
    <subfield code="a">Da zang jing.</subfield>
  </datafield>
  <datafield tag="245" ind1="1" ind2="0">
    <subfield code="a">Derge Tanjur.</subfield>
  </datafield>
  <datafield tag="260" ind1=" " ind2=" ">
    <subfield code="6">880-02</subfield>
    <subfield code="a">[Tibet :</subfield>
    <subfield code="b">s.n.,</subfield>
    <subfield code="c">Qing Yongzheng zhi Qianlong jian, between 1729 and 1737]</subfield>
  </datafield>
  <datafield tag="300" ind1=" " ind2=" ">
    <subfield code="a">215 v. ;</subfield>
    <subfield code="c">61 x 11.5 cm.</subfield>
  </datafield>
  <datafield tag="500" ind1=" " ind2=" ">
    <subfield code="a">In Tibetan.</subfield>
  </datafield>
  <datafield tag="500" ind1=" " ind2=" ">
    <subfield code="a">Printed in black ink on both sides of folios (except for v.1 is in red), printed area is about 52.5-53 x 7-7.5 cm.</subfield>
  </datafield>
  <datafield tag="500" ind1=" " ind2=" ">
    <subfield code="a">The standard pages have 7 lines of text on each side.</subfield>
  </datafield>
  <datafield tag="500" ind1=" " ind2=" ">
    <subfield code="a">The set is stacked in loose sheets, bundled in cloth, with cloth identifying tags.</subfield>
  </datafield>
  <datafield tag="500" ind1=" " ind2=" ">
    <subfield code="a">Includes index (Dkar-chag).</subfield>
  </datafield>
  <datafield tag="505" ind1="2" ind2=" ">
    <subfield code="a">v.103 Bstod-tshogs : KA -- v.104-181 Rgyud-&apos;grel : KA, KHA, GA, NGA, CA, CHA, JA, NYA, TA, THA, DA, NA, PA, PHA, BA, MA, TSA, TSHA, DZA, WA, ZHA, ZA, &apos;A, YA, RA, LA, SHA, SA, HA, A, KI, KHI, GI, NGI, CI, CHI, JI, NYI, TI, THI, DI, NI, PI, PHI, BI, MI, TSI, TSHI, DZI, WI, ZHI, ZI, &apos;I, YI, RI, LI, SHI, SI, HI, I, KU, KHU, GU, NGU, CU, CHU, JU, NYU, TU, THU, DU, NU, PU, PHU, BU, MU, TSU, TSHU -- Mdo-&apos;grel : v.182-197 Sher-phyin : KA, KHA, GA, NGA, CA, CHA, JA, NYA, TA, THA, DA, NA, PA, PHA, BA, MA -- v.198-214 Dbu-ma : TSA, TSHA, DZA, WA, ZHA, ZA, &apos;A, YA, RA, LA, SHA, SA, HA, A, KI, KHI, GI -- v.215-224 Mdo-tshogs : NGI, CI, CHI, JI, NYI, TI, THI, DI, NI, PI -- v.225-240 Sems-tsam : PHI, BI, MI, TSI, TSHI, DZI, WI, ZHI, ZI, &apos;I, YI, RI, LI, SHI, SI, HI -- v.241-251 Mngon-pa : I, KU, KHU, GU, NGU, CU, CHU, JU, NYU, TU, THU -- v.252-269 &apos;Dul-ba : DU, NU, PU, PHU, BU, MU, TSU, TSHU, DZU, WU, ZHU, ZU, &apos;U, YU, RU, LU, SHU, SU -- v.270-274 Skyes-rabs : HU, U, KE, KHE, GE -- v.274-275. Spring-yig : GE, NGE -- v.276-295 Tshad-ma : CE, CHE, JE, NYE, TE, THE, DE, NE, PE, PHE, BE, ME, TSE, TSHE, DZE, WE, ZHE, ZE, &apos;E, YE -- v.296-299 Sgra-mdo : RE, LE, SHE, SE -- v.300-304 Gso-rig-pa : HE, E, KO, KHO, GO -- v.305 Bzo-rig-pa : NGO -- v.305 Thun-mong : NGO -- v.306-314. Sna-tshogs : CO, CHO, JO, NYO, TO, THO, DO, NO, PO -- v.315 Jo-ba&apos;i chos-chung -- v.316-317 Dkar-chag.</subfield>
  </datafield>
  <datafield tag="650" ind1=" " ind2="0">
    <subfield code="a">Buddhism</subfield>
    <subfield code="x">Commentaries.</subfield>
  </datafield>
  <datafield tag="880" ind1="0" ind2=" ">
    <subfield code="6">130-01</subfield>
    <subfield code="a">大藏經.</subfield>
  </datafield>
  <datafield tag="880" ind1=" " ind2=" ">
    <subfield code="6">260-02</subfield>
    <subfield code="a">[Tibet :</subfield>
    <subfield code="b">s.n.,</subfield>
    <subfield code="c">清雍正至乾隆間, between 1729 and 1737]</subfield>
  </datafield>
  <datafield tag="049" ind1=" " ind2=" ">
    <subfield code="a">HMYY</subfield>
  </datafield>
</record>