

<record xmlns="http://www.loc.gov/MARC21/slim"
xmlns:xsi="http://www.w3.org/2001/XMLSchema-instance"
xsi:schemaLocation="http://www.loc.gov/MARC21/slim
http://www.loc.gov/standards/marcxml/schema/MARC21slim.xsd">
  <leader>01628nam a22003135a 4500</leader>
  <controlfield tag="001">008917308-2</controlfield>
  <controlfield tag="005">20030207161926.0</controlfield>
  <datafield tag="007" ind1=" " ind2=" ">
    <subfield code="a">c</subfield>
    <subfield code="b">o</subfield>
  </datafield>
  <controlfield tag="008">020522s2001    maua          000|0 tib d</controlfield>
  <datafield tag="035" ind1="0" ind2=" ">
    <subfield code="a">ocn237796444</subfield>
  </datafield>
  <datafield tag="090" ind1=" " ind2=" ">
    <subfield code="a">BQ7662.4</subfield>
  </datafield>
  <datafield tag="100" ind1="0" ind2=" ">
    <subfield code="a">Mi-ʾgyur-rdo-rje,</subfield>
    <subfield code="c">Sprul-sku,</subfield>
    <subfield code="d">1645-1667.</subfield>
  </datafield>
  <datafield tag="240" ind1="1" ind2="0">
    <subfield code="a">Works.</subfield>
    <subfield code="f">1983</subfield>
  </datafield>
  <datafield tag="245" ind1="1" ind2="0">
    <subfield code="a">Gnam chos thugs kyi gter kha sprul sku Mi-ʾgyur Rdo-rje&apos;i dag snaṅ</subfield>
    <subfield code="h">[computer files].</subfield>
  </datafield>
  <datafield tag="246" ind1="3" ind2=" ">
    <subfield code="a">Space treasure visions of Namcho Tulku Mingyur Dorje</subfield>
  </datafield>
  <datafield tag="260" ind1=" " ind2=" ">
    <subfield code="a">Cambridge, MA :</subfield>
    <subfield code="b">Tibetan Buddhist Resource Center,</subfield>
    <subfield code="c">2001.</subfield>
  </datafield>
  <datafield tag="300" ind1=" " ind2=" ">
    <subfield code="a">1 CD-Rom.</subfield>
  </datafield>
  <datafield tag="500" ind1=" " ind2=" ">
    <subfield code="a">In Tibetan; v. 13 has pref. in French.</subfield>
  </datafield>
  <datafield tag="500" ind1=" " ind2=" ">
    <subfield code="a">Originally published in print: Paro Kyichu, Bhoutan : Dilgo Khyentsey Rinpoche ; Bylakuppe, Mysire, Inde : Pema Norbu Rinpoche, 1983.</subfield>
  </datafield>
  <datafield tag="500" ind1=" " ind2=" ">
    <subfield code="a">Vol. 6 contains autobiographical materials, and v. 10 contains biographies by Karma-chags-med and the Sprul-sku Mi-ʾgyur-rdo-rjeʾi naṅ gi rnam thar Spyi don gsum pa gnam chos daṅ dgoṅs gter gyi gter ʾbyuṅ.</subfield>
  </datafield>
  <datafield tag="538" ind1=" " ind2=" ">
    <subfield code="a">System requirements: IBM-compatible PC or Macintosh; Windows; Adobe Acrobat reader; CD-ROM drive.</subfield>
  </datafield>
  <datafield tag="500" ind1=" " ind2=" ">
    <subfield code="a">Title from disc label.</subfield>
  </datafield>
  <datafield tag="520" ind1=" " ind2=" ">
    <subfield code="a">Collection of works on ritual, prognostication, divinitation, and medicine as found in the Namchoe teachings. Contains all 13 volumes of Collection des tresors. All files are in PDF format.</subfield>
  </datafield>
  <datafield tag="600" ind1="0" ind2="0">
    <subfield code="a">Mi-ʾgyur-rdo-rje,</subfield>
    <subfield code="c">Sprul-sku,</subfield>
    <subfield code="d">1645-1667.</subfield>
  </datafield>
  <datafield tag="650" ind1=" " ind2="0">
    <subfield code="a">Rñiṅ-ma-pa (Sect)</subfield>
  </datafield>
  <datafield tag="650" ind1=" " ind2="0">
    <subfield code="a">Rñiṅ-ma-pa lamas</subfield>
    <subfield code="z">China</subfield>
    <subfield code="z">Tibet Autonomous Region</subfield>
    <subfield code="v">Biography.</subfield>
  </datafield>
  <datafield tag="650" ind1=" " ind2="0">
    <subfield code="a">Buddhism</subfield>
    <subfield code="z">China</subfield>
    <subfield code="z">Tibet Autonomous Region.</subfield>
  </datafield>
  <datafield tag="650" ind1=" " ind2="0">
    <subfield code="a">Tibetan language</subfield>
    <subfield code="x">Texts.</subfield>
  </datafield>
  <datafield tag="655" ind1=" " ind2="7">
    <subfield code="a">CD-ROMs.</subfield>
    <subfield code="2">local</subfield>
  </datafield>
  <datafield tag="700" ind1="0" ind2="2">
    <subfield code="a">Karma-chags-med,</subfield>
    <subfield code="c">Gnas-mdo,</subfield>
    <subfield code="d">1610-1678.</subfield>
    <subfield code="t">Sprul-sku Mi-ʾgyur-rdo-rjeʾi phyiʾi rnam thar Kun khyab sñan paʾi ʾbrug sgra.</subfield>
  </datafield>
  <datafield tag="710" ind1="2" ind2=" ">
    <subfield code="a">Tibetan Buddhist Resource Center.</subfield>
  </datafield>
  <datafield tag="740" ind1="0" ind2=" ">
    <subfield code="a">Sprul-sku Mi-ʾgyur-rdo-rjeʾi rnam thar Kun khyab sñan paʾi ʾbrug sgra.</subfield>
  </datafield>
  <datafield tag="740" ind1="0" ind2=" ">
    <subfield code="a">Kun Khyab sñan paʾi ʾbrug sgra.</subfield>
  </datafield>
  <datafield tag="740" ind1="0" ind2=" ">
    <subfield code="a">Gter-ston Sprul-skuʾi gsaṅ baʾi rnam thar Skyes rabs rtsa tshig daṅ deʾi ʾgrel pa sogs le mtshan drug.</subfield>
  </datafield>
  <datafield tag="740" ind1="0" ind2=" ">
    <subfield code="a">Skyes rabs rtsa tshig daṅ deʾi ʾgrel pa sogs le mtshan drug.</subfield>
  </datafield>
</record>