

<record xmlns="http://www.loc.gov/MARC21/slim"
xmlns:xsi="http://www.w3.org/2001/XMLSchema-instance"
xsi:schemaLocation="http://www.loc.gov/MARC21/slim
http://www.loc.gov/standards/marcxml/schema/MARC21slim.xsd">
  <leader>00614nam a22002057a 4500</leader>
  <controlfield tag="001">008918351-7</controlfield>
  <controlfield tag="005">20020606104010.5</controlfield>
  <controlfield tag="008">020523q19001999xx            000|0 tib d</controlfield>
  <datafield tag="035" ind1="0" ind2=" ">
    <subfield code="a">ocm81803250</subfield>
  </datafield>
  <datafield tag="043" ind1=" " ind2=" ">
    <subfield code="a">a-cc-ti</subfield>
  </datafield>
  <datafield tag="245" ind1="1" ind2="0">
    <subfield code="a">[Dmigs brtse ma&apos;i be&apos;u &apos;bum bskoṅ gsar bsgrigs].</subfield>
  </datafield>
  <datafield tag="246" ind1="3" ind2=" ">
    <subfield code="a">Dmigs brtse ma&apos;i chos skor</subfield>
  </datafield>
  <datafield tag="260" ind1=" " ind2=" ">
    <subfield code="a">[S.l. :</subfield>
    <subfield code="b">s.n.,</subfield>
    <subfield code="c">199-?]</subfield>
  </datafield>
  <datafield tag="300" ind1=" " ind2=" ">
    <subfield code="a">3 v. ;</subfield>
    <subfield code="c">54 x 10 cm.</subfield>
  </datafield>
  <datafield tag="546" ind1=" " ind2=" ">
    <subfield code="a">In Tibetan.</subfield>
  </datafield>
  <datafield tag="500" ind1=" " ind2=" ">
    <subfield code="a">Title boards missing.</subfield>
  </datafield>
  <datafield tag="600" ind1="0" ind2="0">
    <subfield code="a">Tsoṅ-kha-pa Blo-bzaṅ-grags-pa,</subfield>
    <subfield code="d">1357-1419</subfield>
    <subfield code="x">Cult.</subfield>
  </datafield>
  <datafield tag="650" ind1=" " ind2="0">
    <subfield code="a">Guru worship (Rite)</subfield>
    <subfield code="x">Dge-lugs-pa (Sect)</subfield>
  </datafield>
  <datafield tag="650" ind1=" " ind2="0">
    <subfield code="a">Buddhism</subfield>
    <subfield code="x">Rituals.</subfield>
  </datafield>
</record>