

<record xmlns="http://www.loc.gov/MARC21/slim"
xmlns:xsi="http://www.w3.org/2001/XMLSchema-instance"
xsi:schemaLocation="http://www.loc.gov/MARC21/slim
http://www.loc.gov/standards/marcxml/schema/MARC21slim.xsd">
  <leader>     cam a2200313Ia 4500</leader>
  <controlfield tag="001">008953275-9</controlfield>
  <controlfield tag="005">20070117134441.0</controlfield>
  <controlfield tag="008">070117q17411742cc            001 0 tib d</controlfield>
  <datafield tag="035" ind1="0" ind2=" ">
    <subfield code="a">ocm78611093</subfield>
  </datafield>
  <datafield tag="040" ind1=" " ind2=" ">
    <subfield code="a">HMY</subfield>
    <subfield code="c">HMY</subfield>
    <subfield code="d">HMY</subfield>
  </datafield>
  <datafield tag="130" ind1="0" ind2=" ">
    <subfield code="6">880-01</subfield>
    <subfield code="a">Da zang jing.</subfield>
  </datafield>
  <datafield tag="245" ind1="1" ind2="0">
    <subfield code="a">Narthang Tanjur.</subfield>
  </datafield>
  <datafield tag="260" ind1=" " ind2=" ">
    <subfield code="6">880-02</subfield>
    <subfield code="a">[Tibet :</subfield>
    <subfield code="b">s.n.,</subfield>
    <subfield code="c">Qing Qianlong liu zhi qi nian, between 1741 and 1742]</subfield>
  </datafield>
  <datafield tag="300" ind1=" " ind2=" ">
    <subfield code="a">224 v. ;</subfield>
    <subfield code="c">64 x 16.5 cm.</subfield>
  </datafield>
  <datafield tag="500" ind1=" " ind2=" ">
    <subfield code="a">In Tibetan.</subfield>
  </datafield>
  <datafield tag="500" ind1=" " ind2=" ">
    <subfield code="a">Printed in black ink on both sides of folios, printed area is about 57 x 8 cm.</subfield>
  </datafield>
  <datafield tag="500" ind1=" " ind2=" ">
    <subfield code="a">The standard pages have 7 lines of text on each side.</subfield>
  </datafield>
  <datafield tag="500" ind1=" " ind2=" ">
    <subfield code="a">Includes index (Dkar-chag).</subfield>
  </datafield>
  <datafield tag="500" ind1=" " ind2=" ">
    <subfield code="a">V.183 (Tshad-ma : CHE) missing.</subfield>
  </datafield>
  <datafield tag="500" ind1=" " ind2=" ">
    <subfield code="a">The bundle Rgyud TSHA has 2 parts, labeled Gong. &apos;former&apos; (v.19A) and Og, &apos;latter&apos; (v.19B).</subfield>
  </datafield>
  <datafield tag="505" ind1="2" ind2=" ">
    <subfield code="a">v.1Bstod-tshogs : KA -- v.2-87 (B)Rgyud-&apos;grel : KA, KHA, GA, NGA, CA, CHA, JA, NYA, TA, THA, DA, NA, PA, PHA, BA, MA, TSA, TSHA1, TSHA2, DZA, WA, ZHA, ZA, &apos;A, YA, RA, LA, SHA, SA, HA, A, KI, KHI, GI, NGI, CI, CHI, JI, NYI, TI, THI, DI, NI, PI, PHI, BI, MI, TSI, TSHI, DZI, WI, ZHI, ZI, &apos;I, YI, RI, LI, SHI, SI, HI, I KU, KHU, GU, NGU, CU, CHU, JU, NYU, TU, THU, DU, NU, PU, PHU, BU, MU, TSU, TSHU, DZU, WU, ZHU, ZU, &apos;U, YU, RU, LU -- Mdo-&apos;grel : v.88-103 Sher-phyin : KA, KHA, GA, NGA, CA, CHA, JA, NYA, TA, THA, DA, NA, PA, PHA, BA, MA -- v.104-120 Dbu-ma : TSA, TSHA, DZA, WA, ZHA, ZA, &apos;A, YA, RA, LA, SHA, SA, HA, A, KI, KHI, GI -- v.121-130 Mdo-tshogs : NGI, CI, CHI, JI, NYI, TI, THI, DI, NI, PI -- v.131-148 Sems-tsam : PHI, BI, MI, TSI, TSHI, DZI, WI, ZHI, ZI, &apos;I, YI, RI, LI, SHI, SI, HI, I, KU -- v.149-159 Mngon-pa : KHU, GU, NGU, CU, CHU, JU, NYU, TU, THU, DU, NU -- v.160-177 &apos;Dul-ba : PU, PHU, BU, MU, TSU, TSHU, DZU, WU, ZHU, ZU, &apos;U, YU, RU, LU, SHU, SU, HU, U -- v.178-181 Skyes-rabs and Spring-yig : KE, KHE, GE, NGE -- v.182-202 Tshad-ma : CE, CHE, JE, NYE, TE, THE, DE, NE, PE, PHE, BE, ME, TSE, TSHE, DZE, WE, ZHE, ZE, &apos;E, YE, RE -- v.203-204 Sgra-rig-pa : LE, SHE -- v.205-210 Gso-rig-pa : SE, HE, E, KO, KHO, GO -- v.210 Bzo-rig-pa : GO -- v.210 (M)Thun : GO -- v.211-223 Sna-tshogs : NGO, CO, CHO, JO, NYO, TO, THO, DO, NO, PO, PHO, BO, MO -- v.224 Dkar-chag.</subfield>
  </datafield>
  <datafield tag="650" ind1=" " ind2="0">
    <subfield code="a">Buddhism</subfield>
    <subfield code="x">Commentaries.</subfield>
  </datafield>
  <datafield tag="880" ind1="0" ind2=" ">
    <subfield code="6">130-01</subfield>
    <subfield code="a">大藏經.</subfield>
  </datafield>
  <datafield tag="880" ind1=" " ind2=" ">
    <subfield code="6">260-02</subfield>
    <subfield code="a">[Tibet :</subfield>
    <subfield code="b">s.n.,</subfield>
    <subfield code="c">清乾隆六至七年, between 1741 and 1742]</subfield>
  </datafield>
  <datafield tag="049" ind1=" " ind2=" ">
    <subfield code="a">HMYY</subfield>
  </datafield>
</record>