

<record xmlns="http://www.loc.gov/MARC21/slim"
xmlns:xsi="http://www.w3.org/2001/XMLSchema-instance"
xsi:schemaLocation="http://www.loc.gov/MARC21/slim
http://www.loc.gov/standards/marcxml/schema/MARC21slim.xsd">
  <leader>     nam a22     7a 4500</leader>
  <controlfield tag="001">008953364-X</controlfield>
  <controlfield tag="005">20020917153303.0</controlfield>
  <controlfield tag="008">020916nuuuu    cc           |||||||tib|d</controlfield>
  <datafield tag="245" ind1="0" ind2="0">
    <subfield code="a">Tripitaka</subfield>
  </datafield>
  <datafield tag="300" ind1=" " ind2=" ">
    <subfield code="a">21 v. (incomplete)</subfield>
  </datafield>
  <datafield tag="500" ind1=" " ind2=" ">
    <subfield code="a">Oct. 31, 1940 received by Harvard-Yenching Library.</subfield>
  </datafield>
  <datafield tag="500" ind1=" " ind2=" ">
    <subfield code="a">Text in Tibetan.</subfield>
  </datafield>
</record>