

<record xmlns="http://www.loc.gov/MARC21/slim"
xmlns:xsi="http://www.w3.org/2001/XMLSchema-instance"
xsi:schemaLocation="http://www.loc.gov/MARC21/slim
http://www.loc.gov/standards/marcxml/schema/MARC21slim.xsd">
  <leader>     nam a22     4a 4500</leader>
  <controlfield tag="001">008989472-3</controlfield>
  <controlfield tag="005">20021125163317.0</controlfield>
  <controlfield tag="008">021118s2001    cc            000|0btib d</controlfield>
  <datafield tag="035" ind1="0" ind2=" ">
    <subfield code="a">ocm49984632</subfield>
  </datafield>
  <datafield tag="043" ind1=" " ind2=" ">
    <subfield code="a">a-cc-ti</subfield>
  </datafield>
  <datafield tag="090" ind1=" " ind2=" ">
    <subfield code="a">BQ7550</subfield>
    <subfield code="b">G98 2001</subfield>
  </datafield>
  <datafield tag="100" ind1="0" ind2=" ">
    <subfield code="a">ʻGyur-med-tshe-dbaṅ-mchog-grub,</subfield>
    <subfield code="c">Dge-rtse Paṇḍita,</subfield>
    <subfield code="d">1764?-</subfield>
  </datafield>
  <datafield tag="240" ind1="1" ind2="0">
    <subfield code="a">Works.</subfield>
    <subfield code="f">2001</subfield>
  </datafield>
  <datafield tag="245" ind1="1" ind2="0">
    <subfield code="a">Dge-rtse-ma-hā-paṇḍi-ta&apos;i gsuṅ &apos;bum bźugs.</subfield>
  </datafield>
  <datafield tag="246" ind1="3" ind2=" ">
    <subfield code="a">Gsuṅ &apos;bum / ʻGyur-med-tshe-dbaṅ-mchog-grub</subfield>
  </datafield>
  <datafield tag="246" ind1="3" ind2=" ">
    <subfield code="a">Gsuṅ &apos;bum / Dge-rtse-ma-hā-paṇḍi-ta</subfield>
  </datafield>
  <datafield tag="260" ind1=" " ind2=" ">
    <subfield code="a">Khreng tu&apos;u :</subfield>
    <subfield code="b">Dmaṅs khrod dpe dkon sdud sgrig khaṅ,</subfield>
    <subfield code="c">2001</subfield>
  </datafield>
  <datafield tag="300" ind1=" " ind2=" ">
    <subfield code="a">10 v. ;</subfield>
    <subfield code="c">39 x 9 cm.</subfield>
  </datafield>
  <datafield tag="500" ind1=" " ind2=" ">
    <subfield code="a">This edition was located through the efforts of the Bodhi Foundation and published with the funding of the Tsadra Foundation.</subfield>
  </datafield>
  <datafield tag="546" ind1=" " ind2=" ">
    <subfield code="a">In Tibetan.</subfield>
  </datafield>
  <datafield tag="500" ind1=" " ind2=" ">
    <subfield code="a">A brief biography of the author is found in the supplement. &apos;Jigs-med-rig-&apos;dzin-mgon-po&apos;s version is found in vol. 9.</subfield>
  </datafield>
  <datafield tag="650" ind1=" " ind2="0">
    <subfield code="a">Rñiṅ-ma-pa (Sect)</subfield>
    <subfield code="x">Doctrines.</subfield>
  </datafield>
  <datafield tag="650" ind1=" " ind2="0">
    <subfield code="a">Buddhism</subfield>
    <subfield code="z">China</subfield>
    <subfield code="z">Tibet Autonomous Region</subfield>
    <subfield code="x">Doctrines.</subfield>
  </datafield>
  <datafield tag="600" ind1="0" ind2="0">
    <subfield code="a">ʻGyur-med-tshe-dbaṅ-mchog-grub,</subfield>
    <subfield code="c">Dge-rtse Paṇḍita,</subfield>
    <subfield code="d">1764?-</subfield>
  </datafield>
  <datafield tag="700" ind1="0" ind2=" ">
    <subfield code="a">&apos;Jigs-med-rig-&apos;dzin-mgon-po,</subfield>
    <subfield code="c">Dri-med-zhiṅ-skyoṅ 02.</subfield>
    <subfield code="t">&apos;Gyur med tshe dbaṅ mchog grub kyi rnam thar.</subfield>
  </datafield>
  <datafield tag="700" ind1="0" ind2=" ">
    <subfield code="a">Tshe-riṅ-rgyal-mtshan,</subfield>
    <subfield code="d">1958-</subfield>
    <subfield code="e">ed.</subfield>
    <subfield code="t">Dge-rtse PaṇḍitaʻGyur-med-tshe-dbaṅ-mchog-grub gyi rnam thar mdor bsdus.</subfield>
  </datafield>
  <datafield tag="740" ind1="1" ind2=" ">
    <subfield code="a">&apos;Gyur med tshe dbaṅ mchog grub kyi rnam thar.</subfield>
  </datafield>
  <datafield tag="740" ind1="0" ind2=" ">
    <subfield code="a">Dge rtse paṇ chen &apos;gyur med tshe dbaṅ mchog grub ṅes don bstan &apos;phel gyi gsuṅ &apos;bum dkar chag.</subfield>
  </datafield>
  <datafield tag="740" ind1="0" ind2=" ">
    <subfield code="a">Dge-rtse PaṇḍitaʻGyur-med-tshe-dbaṅ-mchog-grub gyi rnam thar mdor bsdus.</subfield>
  </datafield>
</record>