

<record xmlns="http://www.loc.gov/MARC21/slim"
xmlns:xsi="http://www.w3.org/2001/XMLSchema-instance"
xsi:schemaLocation="http://www.loc.gov/MARC21/slim
http://www.loc.gov/standards/marcxml/schema/MARC21slim.xsd">
  <leader>01222nam a2200289ua 4500</leader>
  <controlfield tag="001">009010819-1</controlfield>
  <controlfield tag="005">20021228091145.0</controlfield>
  <controlfield tag="008">930915s1983    ii a          00010 tib d</controlfield>
  <datafield tag="010" ind1=" " ind2=" ">
    <subfield code="a">   83902792</subfield>
  </datafield>
  <datafield tag="020" ind1=" " ind2=" ">
    <subfield code="c">Rs260.00</subfield>
  </datafield>
  <datafield tag="025" ind1=" " ind2=" ">
    <subfield code="a">PL480:I-Tib-2346</subfield>
  </datafield>
  <datafield tag="040" ind1=" " ind2=" ">
    <subfield code="a">InU</subfield>
    <subfield code="c">InU</subfield>
    <subfield code="d">*m/c*</subfield>
    <subfield code="d">CU</subfield>
    <subfield code="d">CStRLIN</subfield>
    <subfield code="d">NN</subfield>
  </datafield>
  <datafield tag="043" ind1=" " ind2=" ">
    <subfield code="a">a-cc-ti</subfield>
  </datafield>
  <datafield tag="100" ind1="0" ind2=" ">
    <subfield code="a">Thub-bstan-s~nan-grags,</subfield>
    <subfield code="c">Rdzogs-chen Mkhan-po.</subfield>
  </datafield>
  <datafield tag="245" ind1="1" ind2="0">
    <subfield code="a">Bod kyi brdaʼi bye brag gsal bar byed paʼi bstan bcos Mkhas paʼi ṅag gi sgron maʼi ʼgrel pa Utpa la gźon nuʼi phreṅ ba :</subfield>
    <subfield code="b">a commentary on Dpal-khaṅ Lo-tsā ba&apos;s dictionary of Tibetan /</subfield>
    <subfield code="c">by Rdzogs-chen Mkhan-po Thub-bstan-s~nan-grags.</subfield>
  </datafield>
  <datafield tag="260" ind1=" " ind2=" ">
    <subfield code="a">Gangtok, Sikkim :</subfield>
    <subfield code="b">Bla-ma Zla-ba and Sherab Gyaltsen,</subfield>
    <subfield code="c">1983.</subfield>
  </datafield>
  <datafield tag="300" ind1=" " ind2=" ">
    <subfield code="a">369 p. :</subfield>
    <subfield code="b">ill. ;</subfield>
    <subfield code="c">8 x 29 cm.</subfield>
  </datafield>
  <datafield tag="500" ind1=" " ind2=" ">
    <subfield code="a">In Tibetan.</subfield>
  </datafield>
  <datafield tag="500" ind1=" " ind2=" ">
    <subfield code="a">&quot;Reproduced from a Rdzogs-chen print from the library of Mkhan-po Zla-zer.&quot;</subfield>
  </datafield>
  <datafield tag="500" ind1=" " ind2=" ">
    <subfield code="a">Title on boards: Dag yig ṅag sgron gyi ʼgrel pa.</subfield>
  </datafield>
  <datafield tag="600" ind1="0" ind2="0">
    <subfield code="a">Dpal-khaṅ Ṅag-dbaṅ-chos-kyi-rgya-mtsho,</subfield>
    <subfield code="d">active 16th century.</subfield>
    <subfield code="t">Dag yig ṅag sgron.</subfield>
  </datafield>
  <datafield tag="650" ind1=" " ind2="0">
    <subfield code="a">Tibetan language</subfield>
    <subfield code="x">Dictionaries.</subfield>
  </datafield>
  <datafield tag="740" ind1="0" ind2="1">
    <subfield code="a">Dag yig ṅag sgron gyi ʼgrel pa.</subfield>
  </datafield>
  <datafield tag="740" ind1="0" ind2="1">
    <subfield code="a">Utpala gźon nuʼi phreṅ ba.</subfield>
  </datafield>
</record>