

<record xmlns="http://www.loc.gov/MARC21/slim"
xmlns:xsi="http://www.w3.org/2001/XMLSchema-instance"
xsi:schemaLocation="http://www.loc.gov/MARC21/slim
http://www.loc.gov/standards/marcxml/schema/MARC21slim.xsd">
  <leader>     nam a22      a 4500</leader>
  <controlfield tag="001">009062652-4</controlfield>
  <controlfield tag="005">20100907114115.0</controlfield>
  <controlfield tag="008">030318s2002    mau     s     000|0 tib d</controlfield>
  <datafield tag="035" ind1="0" ind2=" ">
    <subfield code="a">ocn236078835</subfield>
  </datafield>
  <datafield tag="090" ind1=" " ind2=" ">
    <subfield code="a">BQ7662.4</subfield>
    <subfield code="b">.D84 2002</subfield>
  </datafield>
  <datafield tag="100" ind1="0" ind2=" ">
    <subfield code="a">Duṅ-mtsho-ras-pa,</subfield>
    <subfield code="d">active 14th century.</subfield>
  </datafield>
  <datafield tag="245" ind1="1" ind2="0">
    <subfield code="a">Yaṅ ti nag po gser gyi &apos;bru gcig pa&apos;i chos skor</subfield>
    <subfield code="h">[electronic resource] :</subfield>
    <subfield code="b">Duṅ-mtsho-ras-pa phyi-ma&apos;i gter chos.</subfield>
  </datafield>
  <datafield tag="246" ind1="1" ind2=" ">
    <subfield code="i">Title from container insert:</subfield>
    <subfield code="a">One golden kernel in the darkness :</subfield>
    <subfield code="b">Dzogchen revelations of the ultra pith group revealed by the later Dungtso Repa</subfield>
  </datafield>
  <datafield tag="246" ind1="3" ind2=" ">
    <subfield code="i">Title from container insert:</subfield>
    <subfield code="a">Dzogchen teachings of the golden kernel in the darkness</subfield>
  </datafield>
  <datafield tag="246" ind1="3" ind2=" ">
    <subfield code="a">Rdzogs pa chen po Yaṅ ti nag po gser gyi &apos;bru gcig pa :</subfield>
    <subfield code="b">a cycle of Rdzogs-chen practice</subfield>
  </datafield>
  <datafield tag="260" ind1=" " ind2=" ">
    <subfield code="a">Cambridge, MA :</subfield>
    <subfield code="b">Tibetan Buddhist Resource Center,</subfield>
    <subfield code="c">[2002?]</subfield>
  </datafield>
  <datafield tag="300" ind1=" " ind2=" ">
    <subfield code="a">1 CD-ROM ;</subfield>
    <subfield code="c">4 3/4 in.</subfield>
  </datafield>
  <datafield tag="538" ind1=" " ind2=" ">
    <subfield code="a">System requirements: Adobe Acrobat reader ; CD-ROM drive.</subfield>
  </datafield>
  <datafield tag="546" ind1=" " ind2=" ">
    <subfield code="a">In Tibetan, preliminary matter in English.</subfield>
  </datafield>
  <datafield tag="500" ind1=" " ind2=" ">
    <subfield code="a">Title from disc label.</subfield>
  </datafield>
  <datafield tag="500" ind1=" " ind2=" ">
    <subfield code="a">Originally published in print: Dalhousie : Damchoe Sangpo, 1979.</subfield>
  </datafield>
  <datafield tag="500" ind1=" " ind2=" ">
    <subfield code="a">TBRC resource code W19508 ; TBRC vol. numbers 1708-1710.</subfield>
  </datafield>
  <datafield tag="520" ind1=" " ind2=" ">
    <subfield code="a">Contains all 3 volumes of: Cycle of Rdzog-chen.</subfield>
  </datafield>
  <datafield tag="650" ind1=" " ind2="0">
    <subfield code="a">Rdzogs-chen</subfield>
  </datafield>
  <datafield tag="650" ind1=" " ind2="0">
    <subfield code="a">Rdzogs-chen</subfield>
    <subfield code="x">Rituals.</subfield>
  </datafield>
  <datafield tag="655" ind1=" " ind2="7">
    <subfield code="a">CD-ROMs.</subfield>
    <subfield code="2">local</subfield>
  </datafield>
  <datafield tag="710" ind1="2" ind2=" ">
    <subfield code="a">Tibetan Buddhist Resource Center.</subfield>
  </datafield>
</record>