

<record xmlns="http://www.loc.gov/MARC21/slim"
xmlns:xsi="http://www.w3.org/2001/XMLSchema-instance"
xsi:schemaLocation="http://www.loc.gov/MARC21/slim
http://www.loc.gov/standards/marcxml/schema/MARC21slim.xsd">
  <leader>     nam a22      a 4500</leader>
  <controlfield tag="001">009080044-3</controlfield>
  <controlfield tag="005">20030523170659.0</controlfield>
  <controlfield tag="008">030408s2002    cc       n    000|0 tib d</controlfield>
  <datafield tag="035" ind1="0" ind2=" ">
    <subfield code="a">ocm52296999</subfield>
  </datafield>
  <datafield tag="035" ind1="0" ind2=" ">
    <subfield code="a">ocn237802134</subfield>
  </datafield>
  <datafield tag="043" ind1=" " ind2=" ">
    <subfield code="a">a-cc-ti</subfield>
  </datafield>
  <datafield tag="090" ind1=" " ind2=" ">
    <subfield code="a">BQ4890.V333</subfield>
    <subfield code="b">.T555 2002</subfield>
  </datafield>
  <datafield tag="245" ind1="1" ind2="0">
    <subfield code="a">[Dpal chen Rdo-rje-gźon-nu&apos;i chos skor phyogs bsgrigs].</subfield>
  </datafield>
  <datafield tag="246" ind1="3" ind2="3">
    <subfield code="i">Title on boards:</subfield>
    <subfield code="a">Phur-pa phyogs sgrigs</subfield>
  </datafield>
  <datafield tag="246" ind1="3" ind2="3">
    <subfield code="a">Dpal chen Kī-la-ya&apos;i chos skor phyogs bsgrigs</subfield>
  </datafield>
  <datafield tag="260" ind1=" " ind2=" ">
    <subfield code="a">[Chengdu] :</subfield>
    <subfield code="b">Si-khron Źiṅ-chen mi rigs źib &apos;jug su&apos;o Bod kyi śes rig źib &apos;jug khaṅ gis par,</subfield>
    <subfield code="c">2002</subfield>
  </datafield>
  <datafield tag="300" ind1=" " ind2=" ">
    <subfield code="a">42 v. :</subfield>
    <subfield code="b">ill. ;</subfield>
    <subfield code="c">39 x 9 cm.</subfield>
  </datafield>
  <datafield tag="500" ind1=" " ind2=" ">
    <subfield code="a">Title from title page of dkar chag supplement.</subfield>
  </datafield>
  <datafield tag="546" ind1=" " ind2=" ">
    <subfield code="a">In Tibetan.</subfield>
  </datafield>
  <datafield tag="500" ind1=" " ind2=" ">
    <subfield code="a">Contents note lists only partial contents of each volume.</subfield>
  </datafield>
  <datafield tag="505" ind1="2" ind2=" ">
    <subfield code="a">v. 1. Rñiṅ rgyud mtshams brags -- v. 2. Rñiṅ rgyud -- v. 3. Rñiṅ rgyud -- v. 4. Rñiṅ rgyud -- v. 5. [Mtsho-rgyal sñan brgyud / Padma et al.] -- v. 6. [Phur pa rol pa&apos;i skor: Rog lugs / Dharma-śrī et al.] -- v. 7. [Phur pa rol pa&apos;i skor: Roṅ-zom lugs] -- v. 8. [Phur pa rgyud lugs / &apos;Jigs-med-gliṅ-pa et al.] -- v. 9. [Cho ga / Ṅag-dbaṅ-blo-bzaṅ-rgya-mtsho and Bsod-nams-chos-&apos;grub et al.] -- v. 10. [Gter ma / Rin-chen-gter-mdzod las] -- v. 11. [Gter ma / Rin-chen-gter-mdzod las] -- v. 12. [Byaṅ gter / Rig-&apos;dzin-rgod-ldem and Padma-&apos;phrin-las et al.] -- v. 13. [Byaṅ gter / Rig-&apos;dzin-rgod-ldem et al.] -- v. 14. [Byaṅ gter / Rig-&apos;dzin-rgod-ldem and Padma-&apos;phrin-las et al.] -- v. 15. [Phur-pa-yaṅ-gsaṅ-bla-med gter chos / Ratna-gliṅ-pa et al.] -- v. 16. [Phur-pa-yaṅ-gsaṅ-bla-med gter chos / Ratna-gliṅ-pa] -- v. 17. [Sa lugs daṅ &apos;Khon lugs phur pa] -- v. 18. [Sa-skya lugs kyi cho ga] -- v. 19. [Sa-skya lugs kyi &apos;cham] -- v. 20. [Yaṅ-gsaṅ-mkha&apos;-&apos;dro&apos;i-sñiṅ-khrag daṅ gter ma gźan] / Gter-ston Bdud-&apos;dul-rdo-rje -- v. 21. [Spu-gri-reg-gcod daṅ gter ma gźan / Nus-ldan-rdo-rje and Gar-dbaṅ-rdo-rje] -- v. 22. [Phur pa chos &apos;byuṅ] -- v. 23. [Koṅ-sprul Yon-tan-rgya-mtshos et al.] -- v. 24. Phur-pa&apos;i-&apos;phrin-las-kyi-rnam-par-bśad-pa / Kun-bzaṅ-stobs-ldan-dbaṅ-po -- v. 25. [Gter ma / Nus-ldan-bde-chen-źig-po-gliṅ-pa] -- v. 26. [Gter ma / Las-rab-gliṅ-pa (Bsod-rgyal)] -- v. 27. [Gter ma / Las-rab-gliṅ-pa] -- v. 28. [Phur-pa-yaṅ-sñiṅ-spu-gri daṅ Phur-pa-yaṅ-zab-sñiṅ-po / Las-rab-gliṅ-pa] -- v. 29. [Kloṅ-chen-sñiṅ-thig gi skor daṅ gźan / Padma-las-&apos;brel-rtsal (Mkhan Ṅag-chuṅ) et al.] -- v. 30. [Zab-saṅ-yaṅ-sñiṅ-&apos;dus-pa daṅ gźan / Bdud-&apos;joms-drak-sṅags-gliṅ-pa and Gar-śar Rol-pa&apos;i-rdo-rje et al.]</subfield>
  </datafield>
  <datafield tag="505" ind1="2" ind2=" ">
    <subfield code="a">v. 31. [Rdo-rje-bde-chen-gliṅ-pas] -- v. 32. [Bka&apos;-gsaṅ-yaṅ-sñiṅ-thugs-kyi-thig-le daṅ gźan / Chos-kyi-rdo-rje and Blo-bzaṅ-rdo-rje et al.] -- v. 33. Zab-gsaṅ-mkha-&apos;dro&apos;i-sñiṅ-thig las / Bdud-&apos;joms-rdo-rje -- v. 34. [Gter ma / Bdud-&apos;joms-rdo-rje] -- v. 35. [Chos-ñid-mkha&apos;-&apos;gro&apos;i-thug-thig daṅ gter ma gźan / Kun-skyoṅ-dbaṅ-mo et al.] -- v. 36. [Phur-pa-bdud-&apos;joms-gnam-lcags-spu-gri daṅ gźan / Bdud-&apos;joms-ye-śes-rdo-rje] -- v. 37. [Phur-pa-bdud-&apos;joms-gnam-lcags-spu-gri / Bdud-&apos;joms-ye-śes-rdo-rje] -- v. 38. [Bla-phur-thugs-kyi-thig-le daṅ Phur-pa-spu-gri-reg-phuṅ / Bdud-&apos;joms-ye-śes-rdo-rje and Phur-pa-lha-nag daṅ Dam-chos-thugs-kyi-gter-kha / Nus-ldan-rdo-rje] -- v. 39. [Sñan-brgyud-sñiṅ-gi-gsaṅ-mdzod daṅ Gñags-lugs daṅ gźan / Dil-mkhyen] -- v. 40. [Sñan-brgyud-sñiṅ-gi-gsaṅ-mdzod daṅ Gñags-lugs daṅ gźan / Dil-mkhyen et al.] -- v. 41. Bdud-&apos;joms-phur-ṭik-gi-yaṅ-&apos;grel / Blo-bzaṅ-ṅag-dbaṅ-mkhyen-brtse -- v. [42]. Dkar chag.</subfield>
  </datafield>
  <datafield tag="650" ind1=" " ind2="0">
    <subfield code="a">Vajrakīla (Buddhist deity)</subfield>
    <subfield code="x">Cult</subfield>
    <subfield code="z">China</subfield>
    <subfield code="z">Tibet Autonomous Region.</subfield>
  </datafield>
  <datafield tag="650" ind1=" " ind2="0">
    <subfield code="a">Rñiṅ-ma-pa (Sect)</subfield>
    <subfield code="x">Doctrines</subfield>
  </datafield>
  <datafield tag="650" ind1=" " ind2="0">
    <subfield code="a">Rñiṅ-ma-pa (Sect)</subfield>
    <subfield code="x">Rituals.</subfield>
  </datafield>
  <datafield tag="650" ind1=" " ind2="0">
    <subfield code="a">Sa-skya-pa (Sect)</subfield>
    <subfield code="x">Doctrines</subfield>
  </datafield>
  <datafield tag="650" ind1=" " ind2="0">
    <subfield code="a">Sa-skya-pa (Sect)</subfield>
    <subfield code="x">Rituals.</subfield>
  </datafield>
  <datafield tag="650" ind1=" " ind2="0">
    <subfield code="a">Buddhism</subfield>
    <subfield code="z">China</subfield>
    <subfield code="z">Tibet Autonomous Region</subfield>
    <subfield code="x">Doctrines</subfield>
  </datafield>
  <datafield tag="650" ind1=" " ind2="0">
    <subfield code="a">Rñiṅ-ma-pa (Sect)</subfield>
    <subfield code="x">Sacred books.</subfield>
  </datafield>
  <datafield tag="650" ind1=" " ind2="0">
    <subfield code="a">Tantric Buddhism.</subfield>
  </datafield>
</record>