

<record xmlns="http://www.loc.gov/MARC21/slim"
xmlns:xsi="http://www.w3.org/2001/XMLSchema-instance"
xsi:schemaLocation="http://www.loc.gov/MARC21/slim
http://www.loc.gov/standards/marcxml/schema/MARC21slim.xsd">
  <leader>     nam a22      a 4500</leader>
  <controlfield tag="001">009105426-5</controlfield>
  <controlfield tag="005">20030523162627.0</controlfield>
  <controlfield tag="008">030514s2002    cc            000|0 tib d</controlfield>
  <datafield tag="035" ind1="0" ind2=" ">
    <subfield code="a">ocn236083286</subfield>
  </datafield>
  <datafield tag="043" ind1=" " ind2=" ">
    <subfield code="a">a-cc-ti</subfield>
  </datafield>
  <datafield tag="100" ind1="0" ind2=" ">
    <subfield code="a">Kun-bzaṅ-stobs-ldan-dbaṅ-po,</subfield>
    <subfield code="d">1781-</subfield>
  </datafield>
  <datafield tag="245" ind1="1" ind2="0">
    <subfield code="a">Bcom-ldan-&apos;das dpal-chen Rdo-rje-gźon-nu&apos;i &apos;phrin las kyi rnam par bśad pa He-ru-ka Dpal-bźad-pa&apos;i źal luṅ źes bya ba /</subfield>
    <subfield code="c">Kun-bzaṅ-stobs-ldan-dbaṅ-pos.</subfield>
  </datafield>
  <datafield tag="246" ind1="3" ind2="3">
    <subfield code="a">He-ru-ka Dpal-bźad-pa&apos;i źal luṅ</subfield>
  </datafield>
  <datafield tag="260" ind1=" " ind2=" ">
    <subfield code="a">[Chengdu] :</subfield>
    <subfield code="b">Si-khron Źiṅ-chen mi rigs źib &apos;jug su&apos;o Bod kyi śes rig źib &apos;jug khaṅ gis par,</subfield>
    <subfield code="c">2002</subfield>
  </datafield>
  <datafield tag="300" ind1=" " ind2=" ">
    <subfield code="a">748 p. :</subfield>
    <subfield code="b">ill. ;</subfield>
    <subfield code="c">39 x 9 cm.</subfield>
  </datafield>
  <datafield tag="440" ind1=" " ind2="0">
    <subfield code="a">Dpal chen Rdo-rje-gźon-nu&apos;i chos skor phyogs bsgrigs ;</subfield>
    <subfield code="v">v. 24</subfield>
  </datafield>
  <datafield tag="546" ind1=" " ind2=" ">
    <subfield code="a">In Tibetan.</subfield>
  </datafield>
  <datafield tag="500" ind1=" " ind2=" ">
    <subfield code="a">Written in dbu-med script.</subfield>
  </datafield>
  <datafield tag="650" ind1=" " ind2="0">
    <subfield code="a">Vajrakīla (Buddhist deity)</subfield>
    <subfield code="x">Cult</subfield>
    <subfield code="z">China</subfield>
    <subfield code="z">Tibet Autonomous Region.</subfield>
  </datafield>
  <datafield tag="650" ind1=" " ind2="0">
    <subfield code="a">Rñiṅ-ma-pa (Sect)</subfield>
    <subfield code="x">Doctrines</subfield>
  </datafield>
  <datafield tag="650" ind1=" " ind2="0">
    <subfield code="a">Buddhism</subfield>
    <subfield code="z">China</subfield>
    <subfield code="z">Tibet Autonomous Region</subfield>
    <subfield code="x">Doctrines</subfield>
  </datafield>
</record>