

<record xmlns="http://www.loc.gov/MARC21/slim"
xmlns:xsi="http://www.w3.org/2001/XMLSchema-instance"
xsi:schemaLocation="http://www.loc.gov/MARC21/slim
http://www.loc.gov/standards/marcxml/schema/MARC21slim.xsd">
  <leader>     nam a22      a 4500</leader>
  <controlfield tag="001">009107174-7</controlfield>
  <controlfield tag="005">20030516135200.0</controlfield>
  <controlfield tag="008">030516s2002    cc            000|0 tib d</controlfield>
  <datafield tag="035" ind1="0" ind2=" ">
    <subfield code="a">ocn237718590</subfield>
  </datafield>
  <datafield tag="043" ind1=" " ind2=" ">
    <subfield code="a">a-cc-ti</subfield>
  </datafield>
  <datafield tag="100" ind1="0" ind2=" ">
    <subfield code="a">Bdud-&apos;joms-rdo-rje,</subfield>
    <subfield code="c">Rig-&apos;dzin</subfield>
  </datafield>
  <datafield tag="245" ind1="1" ind2="0">
    <subfield code="a">Zab bsaṅ Mkha&apos; &apos;gro&apos;i sñiṅ thig las :</subfield>
    <subfield code="b">thugs sgrub gsaṅ ba&apos;i rgya can; dpal chen phrin las kyi sgrub pa; Rdo rje gźon nu&apos;i gsaṅ sgrub; las bźi lhun grub ces bya ba /</subfield>
    <subfield code="c">Bdud-&apos;joms-rdo-rje.</subfield>
  </datafield>
  <datafield tag="246" ind1="3" ind2="3">
    <subfield code="a">Mkha&apos; &apos;gro&apos;i sñiṅ thig las : thugs sgrub gsaṅ ba&apos;i rgya can; dpal chen phrin las kyi sgrub pa; Rdo rje gźon nu&apos;i gsaṅ sgrub; las bźi lhun grub ces bya ba</subfield>
  </datafield>
  <datafield tag="260" ind1=" " ind2=" ">
    <subfield code="a">[Chengdu] :</subfield>
    <subfield code="b">Si-khron Źiṅ-chen mi rigs źib &apos;jug su&apos;o Bod kyi śes rig źib &apos;jug khaṅ gis par,</subfield>
    <subfield code="c">2002</subfield>
  </datafield>
  <datafield tag="300" ind1=" " ind2=" ">
    <subfield code="a">518 p. :</subfield>
    <subfield code="c">39 x 9 cm.</subfield>
  </datafield>
  <datafield tag="440" ind1=" " ind2="0">
    <subfield code="a">Dpal chen Rdo-rje-gźon-nu&apos;i chos skor phyogs bsgrigs ;</subfield>
    <subfield code="v">v. 33</subfield>
  </datafield>
  <datafield tag="546" ind1=" " ind2=" ">
    <subfield code="a">In Tibetan.</subfield>
  </datafield>
  <datafield tag="500" ind1=" " ind2=" ">
    <subfield code="a">Written in dbu-med script.</subfield>
  </datafield>
  <datafield tag="650" ind1=" " ind2="0">
    <subfield code="a">Vajrakīla (Buddhist deity)</subfield>
    <subfield code="x">Cult</subfield>
    <subfield code="z">China</subfield>
    <subfield code="z">Tibet Autonomous Region.</subfield>
  </datafield>
  <datafield tag="650" ind1=" " ind2="0">
    <subfield code="a">Rñiṅ-ma-pa (Sect)</subfield>
    <subfield code="x">Doctrines</subfield>
  </datafield>
  <datafield tag="650" ind1=" " ind2="0">
    <subfield code="a">Rñiṅ-ma-pa (Sect)</subfield>
    <subfield code="x">Rituals.</subfield>
  </datafield>
  <datafield tag="740" ind1="0" ind2="1">
    <subfield code="a">Thugs sgrub gsaṅ ba&apos;i rgya can.</subfield>
  </datafield>
  <datafield tag="740" ind1="0" ind2="1">
    <subfield code="a">Dpal chen phrin las kyi sgrub pa.</subfield>
  </datafield>
  <datafield tag="740" ind1="0" ind2="1">
    <subfield code="a">Rdo rje gźon nu&apos;i gsaṅ sgrub.</subfield>
  </datafield>
  <datafield tag="740" ind1="0" ind2="1">
    <subfield code="a">Las bźi lhun grub.</subfield>
  </datafield>
</record>