

<record xmlns="http://www.loc.gov/MARC21/slim"
xmlns:xsi="http://www.w3.org/2001/XMLSchema-instance"
xsi:schemaLocation="http://www.loc.gov/MARC21/slim
http://www.loc.gov/standards/marcxml/schema/MARC21slim.xsd">
  <leader>     nam a22      a 4500</leader>
  <controlfield tag="001">009107218-2</controlfield>
  <controlfield tag="005">20030516135841.0</controlfield>
  <controlfield tag="008">030516s2002    cc            000|0 tib d</controlfield>
  <datafield tag="035" ind1="0" ind2=" ">
    <subfield code="a">ocn236083298</subfield>
  </datafield>
  <datafield tag="043" ind1=" " ind2=" ">
    <subfield code="a">a-cc-ti</subfield>
  </datafield>
  <datafield tag="100" ind1="0" ind2=" ">
    <subfield code="a">Blo-bzaṅ-ṅag-dbaṅ-mkhyen-brtse,</subfield>
    <subfield code="c">Dge-sloṅ</subfield>
  </datafield>
  <datafield tag="245" ind1="1" ind2="0">
    <subfield code="a">Bdud &apos;joms phur ṭik gi yaṅ &apos;grel /</subfield>
    <subfield code="c">Blo-bzaṅ-ṅag-dbaṅ-mkhyen-brtse.</subfield>
  </datafield>
  <datafield tag="260" ind1=" " ind2=" ">
    <subfield code="a">[Chengdu] :</subfield>
    <subfield code="b">Si-khron Źiṅ-chen mi rigs źib &apos;jug su&apos;o Bod kyi śes rig źib &apos;jug khaṅ gis par,</subfield>
    <subfield code="c">2002</subfield>
  </datafield>
  <datafield tag="300" ind1=" " ind2=" ">
    <subfield code="a">1036 p. :</subfield>
    <subfield code="c">39 x 9 cm.</subfield>
  </datafield>
  <datafield tag="440" ind1=" " ind2="0">
    <subfield code="a">Dpal chen Rdo-rje-gźon-nu&apos;i chos skor phyogs bsgrigs ;</subfield>
    <subfield code="v">v. 41</subfield>
  </datafield>
  <datafield tag="546" ind1=" " ind2=" ">
    <subfield code="a">In Tibetan.</subfield>
  </datafield>
  <datafield tag="500" ind1=" " ind2=" ">
    <subfield code="a">Written in dbu-med script.</subfield>
  </datafield>
  <datafield tag="505" ind1="0" ind2=" ">
    <subfield code="a">Le tshan daṅ po : Phur pa&apos;i rnam gźag spyir bstan pa -- Le tshan gñis pa : Bye brag stod las kyi &apos;grel ba -- Le tsan gsum pa : Mjug gi las rim gyi skor bśad pa.</subfield>
  </datafield>
  <datafield tag="650" ind1=" " ind2="0">
    <subfield code="a">Vajrakīla (Buddhist deity)</subfield>
    <subfield code="x">Cult</subfield>
    <subfield code="z">China</subfield>
    <subfield code="z">Tibet Autonomous Region.</subfield>
  </datafield>
  <datafield tag="650" ind1=" " ind2="0">
    <subfield code="a">Rñiṅ-ma-pa (Sect)</subfield>
    <subfield code="x">Doctrines</subfield>
  </datafield>
</record>