

<record xmlns="http://www.loc.gov/MARC21/slim"
xmlns:xsi="http://www.w3.org/2001/XMLSchema-instance"
xsi:schemaLocation="http://www.loc.gov/MARC21/slim
http://www.loc.gov/standards/marcxml/schema/MARC21slim.xsd">
  <leader>01214cem a2200313Ia 4500</leader>
  <controlfield tag="001">009143170-0</controlfield>
  <controlfield tag="005">20131118103623.0</controlfield>
  <controlfield tag="008">000608s1998    ii        a     1   tibod</controlfield>
  <datafield tag="020" ind1=" " ind2=" ">
    <subfield code="a">8186227164</subfield>
  </datafield>
  <datafield tag="034" ind1="1" ind2=" ">
    <subfield code="a">a</subfield>
    <subfield code="b">3200000</subfield>
    <subfield code="d">E0760000</subfield>
    <subfield code="e">E1060000</subfield>
    <subfield code="f">N0410000</subfield>
    <subfield code="g">N0250000</subfield>
  </datafield>
  <datafield tag="035" ind1="0" ind2=" ">
    <subfield code="a">ocm44260499</subfield>
  </datafield>
  <datafield tag="040" ind1=" " ind2=" ">
    <subfield code="a">NYP</subfield>
    <subfield code="c">NYP</subfield>
    <subfield code="d">CUY</subfield>
    <subfield code="d">HLS</subfield>
  </datafield>
  <datafield tag="041" ind1="0" ind2=" ">
    <subfield code="a">tib</subfield>
    <subfield code="a">eng</subfield>
    <subfield code="a">chi</subfield>
  </datafield>
  <datafield tag="052" ind1=" " ind2=" ">
    <subfield code="a">7890</subfield>
  </datafield>
  <datafield tag="090" ind1=" " ind2=" ">
    <subfield code="a">G7890 1998</subfield>
    <subfield code="b">.A49</subfield>
  </datafield>
  <datafield tag="110" ind1="2" ind2=" ">
    <subfield code="a">A-myes-rma-chen Bod kyi rig gźuṅ źib ʾjug khaṅ (Dharmsāla, India)</subfield>
  </datafield>
  <datafield tag="245" ind1="1" ind2="0">
    <subfield code="a">Bod-dang-sa-&apos;brel-khag gi sa-khra.</subfield>
  </datafield>
  <datafield tag="255" ind1=" " ind2=" ">
    <subfield code="a">Scale 1:3,200,000</subfield>
    <subfield code="c">(E 76⁰--E 106⁰/N 41⁰--N 25⁰).</subfield>
  </datafield>
  <datafield tag="260" ind1=" " ind2=" ">
    <subfield code="a">Dharamshala, H.P., India :</subfield>
    <subfield code="b">Amnye Machen Institute, Tibetan Centre for Advanced Studies,</subfield>
    <subfield code="c">c1998.</subfield>
  </datafield>
  <datafield tag="300" ind1=" " ind2=" ">
    <subfield code="a">1 map :</subfield>
    <subfield code="b">col. ;</subfield>
    <subfield code="c">55 x 81 cm.</subfield>
  </datafield>
  <datafield tag="546" ind1=" " ind2=" ">
    <subfield code="a">In Tibetan. Indexes in Tibetan and romanized Tibetan, Chinese, romanized Chinese, and Chinese in Tibetan script? Selected imprint information and notes in English.</subfield>
  </datafield>
  <datafield tag="500" ind1=" " ind2=" ">
    <subfield code="a">Map of Tibet.</subfield>
  </datafield>
  <datafield tag="500" ind1=" " ind2=" ">
    <subfield code="a">Includes ancillary map, notes, and indexes.</subfield>
  </datafield>
  <datafield tag="500" ind1=" " ind2=" ">
    <subfield code="a">At head of title: Rgya dmar gyi btsan ʹog-tu gnas-paʹi.</subfield>
  </datafield>
  <datafield tag="651" ind1=" " ind2="0">
    <subfield code="a">Tibet Autonomous Region (China)</subfield>
    <subfield code="v">Maps.</subfield>
  </datafield>
  <datafield tag="655" ind1=" " ind2="7">
    <subfield code="a">Maps.</subfield>
    <subfield code="2">lcgft</subfield>
  </datafield>
  <datafield tag="987" ind1=" " ind2=" ">
    <subfield code="a">PINYIN</subfield>
    <subfield code="b">OCoLC</subfield>
    <subfield code="c">20020112</subfield>
    <subfield code="d">r</subfield>
    <subfield code="e">10.15.2001</subfield>
  </datafield>
</record>