

<record xmlns="http://www.loc.gov/MARC21/slim"
xmlns:xsi="http://www.w3.org/2001/XMLSchema-instance"
xsi:schemaLocation="http://www.loc.gov/MARC21/slim
http://www.loc.gov/standards/marcxml/schema/MARC21slim.xsd">
  <leader>01175cam a2200265Ia 45x0</leader>
  <controlfield tag="001">009158936-3</controlfield>
  <controlfield tag="005">20090417011457.0</controlfield>
  <controlfield tag="008">840709s1959    mp       d    000 0 tibod</controlfield>
  <datafield tag="035" ind1="0" ind2=" ">
    <subfield code="a">ocm10927640</subfield>
  </datafield>
  <datafield tag="040" ind1=" " ind2=" ">
    <subfield code="a">IUL</subfield>
    <subfield code="c">IUL</subfield>
    <subfield code="d">OCLCQ</subfield>
  </datafield>
  <datafield tag="043" ind1=" " ind2=" ">
    <subfield code="a">a-cc-ti</subfield>
    <subfield code="a">a-mp---</subfield>
  </datafield>
  <datafield tag="090" ind1=" " ind2=" ">
    <subfield code="a">PL3637</subfield>
    <subfield code="b">.S86 1959</subfield>
  </datafield>
  <datafield tag="100" ind1="0" ind2=" ">
    <subfield code="a">Su-ma-ti-ratna.</subfield>
  </datafield>
  <datafield tag="245" ind1="1" ind2="0">
    <subfield code="a">Bod Hor gyi brda yig miṅ tshig Don gsum gsal bar byed paʾi mun sel sgron me =</subfield>
    <subfield code="b">Tȯbed Mongġol-un dokiyan-u bicig ; ner-e u̇ge udq-a gu̇rban-i toduraġulun qarangġui-yi arilġaġci jula /</subfield>
    <subfield code="c">Su-ma-ti-ratna.</subfield>
  </datafield>
  <datafield tag="260" ind1=" " ind2=" ">
    <subfield code="a">Ulaanbaatar :</subfield>
    <subfield code="b">Ulsyn Khėvlėl,</subfield>
    <subfield code="c">1959.</subfield>
  </datafield>
  <datafield tag="300" ind1=" " ind2=" ">
    <subfield code="a">2 v. ;</subfield>
    <subfield code="c">30 cm.</subfield>
  </datafield>
  <datafield tag="440" ind1=" " ind2="0">
    <subfield code="a">Corpus scriptorum Mongolorum Instituti Linguae et Litterarum Comiteti Scientiarum et Educationis Altae Reipublicae Populi Mongoli ;</subfield>
    <subfield code="v">tomus 6-7</subfield>
  </datafield>
  <datafield tag="500" ind1=" " ind2=" ">
    <subfield code="a">In Tibetan and Mongolian scripts; pref. in French.</subfield>
  </datafield>
  <datafield tag="650" ind1=" " ind2="0">
    <subfield code="a">Tibetan language</subfield>
    <subfield code="v">Texts.</subfield>
  </datafield>
  <datafield tag="650" ind1=" " ind2="0">
    <subfield code="a">Tibetan language</subfield>
    <subfield code="v">Dictionaries</subfield>
    <subfield code="x">Mongolian.</subfield>
  </datafield>
  <datafield tag="740" ind1="0" ind2="1">
    <subfield code="a">Tȯbed Mongġol-un dokiyan-u bicig, ner-e u̇ge ġurban-i toduraġulun qarangġui-yi arilġaġci jula.</subfield>
  </datafield>
  <datafield tag="740" ind1="0" ind2="1">
    <subfield code="a">Don gsum gsal bar byed paʾi mun sel sgron me.</subfield>
  </datafield>
</record>