

<record xmlns="http://www.loc.gov/MARC21/slim"
xmlns:xsi="http://www.w3.org/2001/XMLSchema-instance"
xsi:schemaLocation="http://www.loc.gov/MARC21/slim
http://www.loc.gov/standards/marcxml/schema/MARC21slim.xsd">
  <leader>01338cam a2200313Ia 45x0</leader>
  <controlfield tag="001">009158994-0</controlfield>
  <controlfield tag="005">20030825143212.0</controlfield>
  <controlfield tag="008">840709s1959    mp       d    000 0 tibod</controlfield>
  <datafield tag="020" ind1=" " ind2=" ">
    <subfield code="c">$32.23</subfield>
  </datafield>
  <datafield tag="035" ind1="0" ind2=" ">
    <subfield code="a">ocm10926772</subfield>
  </datafield>
  <datafield tag="040" ind1=" " ind2=" ">
    <subfield code="a">IUL</subfield>
    <subfield code="c">IUL</subfield>
    <subfield code="d">OCLCQ</subfield>
  </datafield>
  <datafield tag="043" ind1=" " ind2=" ">
    <subfield code="a">a-cc-ti</subfield>
    <subfield code="a">a-mp---</subfield>
  </datafield>
  <datafield tag="090" ind1=" " ind2=" ">
    <subfield code="a">PL3637</subfield>
    <subfield code="b">.Y48 1959</subfield>
  </datafield>
  <datafield tag="100" ind1="0" ind2=" ">
    <subfield code="a">Ye-śes-rdo-rje,</subfield>
    <subfield code="c">Chad-kha-ba,</subfield>
    <subfield code="d">1102-1176.</subfield>
  </datafield>
  <datafield tag="245" ind1="1" ind2="0">
    <subfield code="a">Bod skad kyi brdaʾ gsar rñiṅ dkaʾ ba Sog skad du Kā li sum cuʾi rim pas gtan la pheb baʾi brdaʾ yig Mkhas pa rgya mtsho blo gsal mgul rgyan ces bya ba bźugs so /</subfield>
    <subfield code="c">Ye-śes-rdo-rje.</subfield>
  </datafield>
  <datafield tag="260" ind1=" " ind2=" ">
    <subfield code="a">Ulaanbaatar :</subfield>
    <subfield code="b">Ulsyn Khevleliĭn Gazar,</subfield>
    <subfield code="c">1959.</subfield>
  </datafield>
  <datafield tag="300" ind1=" " ind2=" ">
    <subfield code="a">935, 6 p. ;</subfield>
    <subfield code="c">30 cm.</subfield>
  </datafield>
  <datafield tag="440" ind1=" " ind2="0">
    <subfield code="a">Corpus scriptorum Mongolorum Instituti Linguae et Litterarum Comiteti Scientiarum et Educationis Altae Reipublicae Populi Mongoli ;</subfield>
    <subfield code="v">tomus 4</subfield>
  </datafield>
  <datafield tag="500" ind1=" " ind2=" ">
    <subfield code="a">In Tibetan and Mongolian in Tibetan script, with an index of the Mongolian definitions.</subfield>
  </datafield>
  <datafield tag="500" ind1=" " ind2=" ">
    <subfield code="a">Title on spine: Tȯbed Monggol dokiyan-u bicig.</subfield>
  </datafield>
  <datafield tag="650" ind1=" " ind2="0">
    <subfield code="a">Tibetan language</subfield>
    <subfield code="v">Dictionaries</subfield>
    <subfield code="x">Mongolian.</subfield>
  </datafield>
  <datafield tag="650" ind1=" " ind2="0">
    <subfield code="a">Mongolian language</subfield>
    <subfield code="x">Dictionaries</subfield>
    <subfield code="x">Tibetan.</subfield>
  </datafield>
  <datafield tag="650" ind1=" " ind2="0">
    <subfield code="a">Tibetan language</subfield>
    <subfield code="x">Texts.</subfield>
  </datafield>
  <datafield tag="740" ind1="0" ind2="1">
    <subfield code="a">Mkhas pa rgya mtsho blo gsal mgul rgyan.</subfield>
  </datafield>
  <datafield tag="740" ind1="0" ind2="1">
    <subfield code="a">Dag yig Mkhas pa rgya mtsho blo gsal mgul rgyan.</subfield>
  </datafield>
  <datafield tag="740" ind1="0" ind2="1">
    <subfield code="a">Tȯbed Mongġol dokiyan-u bicig.</subfield>
  </datafield>
</record>