

<record xmlns="http://www.loc.gov/MARC21/slim"
xmlns:xsi="http://www.w3.org/2001/XMLSchema-instance"
xsi:schemaLocation="http://www.loc.gov/MARC21/slim
http://www.loc.gov/standards/marcxml/schema/MARC21slim.xsd">
  <leader>     cjm a2200457 a 4500</leader>
  <controlfield tag="001">009360712-1</controlfield>
  <controlfield tag="005">20110504024342.0</controlfield>
  <controlfield tag="008">041102s2003    fr fmn   dfgk       tib d</controlfield>
  <datafield tag="010" ind1=" " ind2=" ">
    <subfield code="a">  2004400677</subfield>
  </datafield>
  <datafield tag="024" ind1="3" ind2=" ">
    <subfield code="a">3259130167849</subfield>
  </datafield>
  <datafield tag="028" ind1="0" ind2="2">
    <subfield code="a">3016784</subfield>
    <subfield code="b">Buda Records</subfield>
  </datafield>
  <datafield tag="033" ind1="0" ind2="0">
    <subfield code="a">200301--</subfield>
    <subfield code="b">7654</subfield>
    <subfield code="c">L2</subfield>
  </datafield>
  <datafield tag="035" ind1="0" ind2=" ">
    <subfield code="a">ocm57442280</subfield>
  </datafield>
  <datafield tag="040" ind1=" " ind2=" ">
    <subfield code="a">OBE</subfield>
    <subfield code="c">OBE</subfield>
    <subfield code="d">DLC</subfield>
    <subfield code="d">HMU</subfield>
  </datafield>
  <datafield tag="041" ind1="0" ind2=" ">
    <subfield code="d">tib</subfield>
    <subfield code="e">fre</subfield>
    <subfield code="e">eng</subfield>
    <subfield code="h">tib</subfield>
    <subfield code="g">fre</subfield>
    <subfield code="g">eng</subfield>
  </datafield>
  <datafield tag="042" ind1=" " ind2=" ">
    <subfield code="a">lccopycat</subfield>
  </datafield>
  <datafield tag="043" ind1=" " ind2=" ">
    <subfield code="a">a-cc-ti</subfield>
  </datafield>
  <datafield tag="050" ind1="0" ind2="0">
    <subfield code="a">SDB 33773</subfield>
  </datafield>
  <datafield tag="100" ind1="0" ind2=" ">
    <subfield code="a">Sherap Dorjee.</subfield>
    <subfield code="4">voc</subfield>
    <subfield code="4">itr</subfield>
  </datafield>
  <datafield tag="245" ind1="1" ind2="0">
    <subfield code="a">Tibet</subfield>
    <subfield code="h">[sound recording] :</subfield>
    <subfield code="b">chansons des six hautes vallées = songs from the six high valleys.</subfield>
  </datafield>
  <datafield tag="246" ind1="3" ind2="0">
    <subfield code="a">Chansons des six hautes vallées</subfield>
  </datafield>
  <datafield tag="246" ind1="3" ind2="1">
    <subfield code="a">Songs from the six high valleys</subfield>
  </datafield>
  <datafield tag="260" ind1=" " ind2=" ">
    <subfield code="a">Paris :</subfield>
    <subfield code="b">Buda Records,</subfield>
    <subfield code="c">[2003]</subfield>
  </datafield>
  <datafield tag="300" ind1=" " ind2=" ">
    <subfield code="a">1 sound disc :</subfield>
    <subfield code="b">digital ;</subfield>
    <subfield code="c">4 3/4 in.</subfield>
  </datafield>
  <datafield tag="490" ind1="1" ind2=" ">
    <subfield code="a">Musique du monde =</subfield>
    <subfield code="a">Music from the world</subfield>
  </datafield>
  <datafield tag="500" ind1=" " ind2=" ">
    <subfield code="a">Vocal music of the Thot Tso Yul Duk valleys of Western Tibet.</subfield>
  </datafield>
  <datafield tag="546" ind1=" " ind2=" ">
    <subfield code="a">Sung in Tibetan.</subfield>
  </datafield>
  <datafield tag="500" ind1=" " ind2=" ">
    <subfield code="a">Compact disc.</subfield>
  </datafield>
  <datafield tag="500" ind1=" " ind2=" ">
    <subfield code="a">Program notes in French and English by Boris Lelong and partial vocal texts in French and English translations ([31] p. : ports.) inserted in container.</subfield>
  </datafield>
  <datafield tag="511" ind1="0" ind2=" ">
    <subfield code="a">Sherap Dorjee, vocals, kovo lute, lingbu flute, danyen lute ; with his ensemble Shang Shung Da Yang.</subfield>
  </datafield>
  <datafield tag="518" ind1=" " ind2=" ">
    <subfield code="a">Recorded by Boris Lelong, Jan. 2003, Ladakh, India.</subfield>
  </datafield>
  <datafield tag="505" ind1="0" ind2=" ">
    <subfield code="a">La première danse = The first dance (2:03) -- Offrance à Tashilhunpo = Offering to Tashilhunpo (3:36) -- Quand j&apos;apprends l&apos;alphabet = When I learn the alphabet (3:59) -- La culture des bienheureux = The culture of the fortunate (3:05) -- Le Mont Kharak = Mount Kharak (2:47) -- Entre nuages et brouillard = Between clouds and fog (6:31) -- Rutok (4:04) -- Le voyageur = The traveler (5:54) -- Sala Shubi (2:58) -- La statue d&apos;argent = The silver statue (4:06) -- La chanson du paon = The peacock&apos;s song (7:46) -- La pluie est tombée = The rain has fallen (4:04) -- Le joueur de luth = The lute player (6:17).</subfield>
  </datafield>
  <datafield tag="650" ind1=" " ind2="0">
    <subfield code="a">Folk songs, Tibetan</subfield>
    <subfield code="z">China</subfield>
    <subfield code="z">Tibet Autonomous Region.</subfield>
  </datafield>
  <datafield tag="650" ind1=" " ind2="0">
    <subfield code="a">Music</subfield>
    <subfield code="z">China</subfield>
    <subfield code="z">Tibet Autonomous Region.</subfield>
  </datafield>
  <datafield tag="710" ind1="2" ind2=" ">
    <subfield code="a">Shang Shung Da Yang (Musical group)</subfield>
    <subfield code="4">prf</subfield>
  </datafield>
  <datafield tag="830" ind1=" " ind2="0">
    <subfield code="a">Musique du monde.</subfield>
  </datafield>
  <datafield tag="830" ind1=" " ind2="0">
    <subfield code="a">Contemporary world music</subfield>
    <subfield code="5">net</subfield>
  </datafield>
</record>