

<record xmlns="http://www.loc.gov/MARC21/slim"
xmlns:xsi="http://www.w3.org/2001/XMLSchema-instance"
xsi:schemaLocation="http://www.loc.gov/MARC21/slim
http://www.loc.gov/standards/marcxml/schema/MARC21slim.xsd">
  <leader>     nam a22     4a 4500</leader>
  <controlfield tag="001">009389370-1</controlfield>
  <controlfield tag="005">20090729135453.0</controlfield>
  <controlfield tag="008">040616s2002    ii            000|0 tibod</controlfield>
  <datafield tag="035" ind1="0" ind2=" ">
    <subfield code="a">ocn338920050</subfield>
  </datafield>
  <datafield tag="035" ind1="0" ind2=" ">
    <subfield code="a">ocn166456524</subfield>
  </datafield>
  <datafield tag="100" ind1="0" ind2=" ">
    <subfield code="a">Lhag-bsam-bstan-paʼi-rgyal-mtshan.</subfield>
  </datafield>
  <datafield tag="245" ind1="1" ind2="0">
    <subfield code="a">Bod kyi brda sprod paʼi bstan bcos :</subfield>
    <subfield code="b">Sum cu pa daṅ Rtags kyi ʼjug paʼi rtsa ba daṅ deʼi ʼgrel pa : Tshig don bkral ba legs bśad snaṅ ba dam pa daṅ rnam ʼgrel lhag bsam dkar po bcas bźugs so : brjod bya bod kyi brda sprod paʼi rnam bźag /</subfield>
    <subfield code="c">ʼgrel mdzad pa Karma-smon-lam-ʼod-zer-lhag-bsam-bstan-paʼi-rgyal-mtshan daṅ Bstan-dzin-rnam-rgyal.</subfield>
  </datafield>
  <datafield tag="246" ind1="3" ind2="0">
    <subfield code="a">Tshig don bkral ba legs bśad snaṅ ba dam pa daṅ rnam ʼgrel lhag bsam dkar po bcas bźugs so</subfield>
  </datafield>
  <datafield tag="246" ind1="1" ind2="8">
    <subfield code="a">Sum rtags ʼgrel pa legs bśad snaṅ ba dam pa daṅ lhag bsam dkar po bźugs so</subfield>
  </datafield>
  <datafield tag="260" ind1=" " ind2=" ">
    <subfield code="a">Sarnath, Varanasi :</subfield>
    <subfield code="b">Vajra Vidya Library / Vajra Vidya Institute,</subfield>
    <subfield code="c">2002.</subfield>
  </datafield>
  <datafield tag="300" ind1=" " ind2=" ">
    <subfield code="a">165 p. ;</subfield>
    <subfield code="c">22 cm.</subfield>
  </datafield>
  <datafield tag="546" ind1=" " ind2=" ">
    <subfield code="a">In Tibetan.</subfield>
  </datafield>
  <datafield tag="600" ind1="0" ind2="0">
    <subfield code="a">Thon-mi Sambho-ta,</subfield>
    <subfield code="d">active 632.</subfield>
    <subfield code="t">Sum cu pa.</subfield>
  </datafield>
  <datafield tag="600" ind1="0" ind2="0">
    <subfield code="a">Thon-mi Sambho-ta,</subfield>
    <subfield code="d">active 632.</subfield>
    <subfield code="t">Rtags kyi ʼjug pa.</subfield>
  </datafield>
  <datafield tag="650" ind1=" " ind2="0">
    <subfield code="a">Tibetan language</subfield>
    <subfield code="x">Grammar.</subfield>
  </datafield>
  <datafield tag="650" ind1=" " ind2="0">
    <subfield code="a">Bkaʼ-rgyud-pa (Sect)</subfield>
  </datafield>
  <datafield tag="700" ind1="0" ind2=" ">
    <subfield code="a">Bstan-ʼdzin-rnam-rgyal.</subfield>
  </datafield>
  <datafield tag="700" ind1="0" ind2="2">
    <subfield code="a">Thon-mi Sambho-ta,</subfield>
    <subfield code="d">active 632.</subfield>
    <subfield code="t">Sum cu pa.</subfield>
  </datafield>
  <datafield tag="700" ind1="0" ind2="2">
    <subfield code="a">Thon-mi Sambho-ta,</subfield>
    <subfield code="d">active 632.</subfield>
    <subfield code="t">Rtags kyi ʼjug pa.</subfield>
  </datafield>
</record>