

<record xmlns="http://www.loc.gov/MARC21/slim"
xmlns:xsi="http://www.w3.org/2001/XMLSchema-instance"
xsi:schemaLocation="http://www.loc.gov/MARC21/slim
http://www.loc.gov/standards/marcxml/schema/MARC21slim.xsd">
  <leader>     nam a22     4a 4500</leader>
  <controlfield tag="001">009389397-3</controlfield>
  <controlfield tag="005">20090729134337.0</controlfield>
  <controlfield tag="008">070719s2003    ii            000|0 tibod</controlfield>
  <datafield tag="035" ind1="0" ind2=" ">
    <subfield code="a">ocn426221087</subfield>
  </datafield>
  <datafield tag="035" ind1="0" ind2=" ">
    <subfield code="a">ocn300408689</subfield>
  </datafield>
  <datafield tag="100" ind1="0" ind2=" ">
    <subfield code="a">Dbaṅ-phyug-rdo-rje,</subfield>
    <subfield code="c">Karma-pa IX,</subfield>
    <subfield code="d">1556-1603.</subfield>
  </datafield>
  <datafield tag="240" ind1="1" ind2="0">
    <subfield code="a">Chos mṅon paʼi dzod kyi rnam bśad</subfield>
  </datafield>
  <datafield tag="245" ind1="1" ind2="0">
    <subfield code="a">Chos mṅon pa mdzod kyi rnam par bśad pa chos mṅon rgya mtshoʼi snyiṅ po mkhyen brtseʼi źal luṅ gźon nu rnam rol legs bśad chos mig rnam ʼbyed grub bdeʼi śiṅ rta źes bya ba bźugs so :</subfield>
    <subfield code="b">zag bcas zag med kyi chos /</subfield>
    <subfield code="c">ʼgrel mdzad pa Karma-pa sku phreṅ dgu pa Dbaṅ-phyug-rdo-rje.</subfield>
  </datafield>
  <datafield tag="246" ind1="1" ind2="8">
    <subfield code="a">Mṅon pa mdzod kyi rnam bśad gźon nu rnam rol</subfield>
  </datafield>
  <datafield tag="246" ind1="3" ind2="0">
    <subfield code="a">Chos mṅon rgya mtshoʼi snyiṅ po mkhyen brtseʼi źal luṅ gźon nu rnam rol legs bśad</subfield>
  </datafield>
  <datafield tag="250" ind1=" " ind2=" ">
    <subfield code="a">1st ed.</subfield>
  </datafield>
  <datafield tag="260" ind1=" " ind2=" ">
    <subfield code="a">Sarnath, Varanasi :</subfield>
    <subfield code="b">Vajra Vidya Library, Vajra Vidya Institute,</subfield>
    <subfield code="c">2003.</subfield>
  </datafield>
  <datafield tag="300" ind1=" " ind2=" ">
    <subfield code="a">690 p. ;</subfield>
    <subfield code="c">22 cm.</subfield>
  </datafield>
  <datafield tag="546" ind1=" " ind2=" ">
    <subfield code="a">In Tibetan.</subfield>
  </datafield>
  <datafield tag="520" ind1=" " ind2=" ">
    <subfield code="a">Commentary on Abhidharmakośa of Vasubandhu by the IX Karmapa Dbang-phyug-rdo-rje, 1556-1603, relating to contaminated and uncontaminated dharmas.</subfield>
  </datafield>
  <datafield tag="650" ind1=" " ind2="0">
    <subfield code="a">Bkaʼ-rgyud-pa (Sect)</subfield>
  </datafield>
  <datafield tag="600" ind1="0" ind2="0">
    <subfield code="a">Vasubandhu.</subfield>
    <subfield code="t">Abhidharmakośa.</subfield>
  </datafield>
  <datafield tag="650" ind1=" " ind2="0">
    <subfield code="a">Abhidharma</subfield>
    <subfield code="v">Early works to 1800.</subfield>
  </datafield>
</record>