

<record xmlns="http://www.loc.gov/MARC21/slim"
xmlns:xsi="http://www.w3.org/2001/XMLSchema-instance"
xsi:schemaLocation="http://www.loc.gov/MARC21/slim
http://www.loc.gov/standards/marcxml/schema/MARC21slim.xsd">
  <leader>     nam a22     4a 4500</leader>
  <controlfield tag="001">009389410-4</controlfield>
  <controlfield tag="005">20091013174248.0</controlfield>
  <controlfield tag="008">040616s2003    ii            000|0 tibod</controlfield>
  <datafield tag="035" ind1="0" ind2=" ">
    <subfield code="a">ocn166456534</subfield>
  </datafield>
  <datafield tag="041" ind1="1" ind2=" ">
    <subfield code="a">tib</subfield>
    <subfield code="h">san</subfield>
  </datafield>
  <datafield tag="100" ind1="0" ind2=" ">
    <subfield code="a">Chos-kyi-grags-pa,</subfield>
    <subfield code="c">ʼBri-guṅ Rig-ʼdzin,</subfield>
    <subfield code="d">1595-</subfield>
  </datafield>
  <datafield tag="245" ind1="1" ind2="0">
    <subfield code="a">Dge tshul kaʼ ri kaʼ sum brgya daṅ deʼi mtshan bus gsal ba :</subfield>
    <subfield code="b">Kaʼ ri kaʼ lṅa bcu pa daṅ deʼi ʼgrel pa thar paʼi lam gyi sgron me : Bla ma lṅa bcu pa daṅ deʼi ʼgrel chuṅ mun sel sgron ma bcas bźugs so ... /</subfield>
    <subfield code="c">ʼgrel mdzod pa ʼBri-guṇ-rig-ʼdzin-chos-grags, Źva-dmar sku phreṅ bźi pa Chos-grags-ye-śes-dpal-bzaṅ, Karmaʼi mkhan chen Rin-chen-dar-rgyas.</subfield>
  </datafield>
  <datafield tag="246" ind1="3" ind2="0">
    <subfield code="a">Bla ma lṅa bcu pa daṅ deʼi ʼgrel chuṅ mun sel sgron ma</subfield>
  </datafield>
  <datafield tag="246" ind1="3" ind2="0">
    <subfield code="a">Kaʼ ri kaʼ lṅa bcu pa daṅ deʼi ʼgrel pa thar paʼi lam gyi sgron me</subfield>
  </datafield>
  <datafield tag="260" ind1=" " ind2=" ">
    <subfield code="a">Sarnath, Varanasi :</subfield>
    <subfield code="b">Vajra Vidya Institute / Vajra Vidya Library</subfield>
    <subfield code="c">2003.</subfield>
  </datafield>
  <datafield tag="300" ind1=" " ind2=" ">
    <subfield code="a">28, 175 p. ;</subfield>
    <subfield code="c">22 cm.</subfield>
  </datafield>
  <datafield tag="546" ind1=" " ind2=" ">
    <subfield code="a">In Tibetan.</subfield>
  </datafield>
  <datafield tag="500" ind1=" " ind2=" ">
    <subfield code="a">&quot;Brjod bya bslab pa tshul khrims kyi bslab pa.&quot;</subfield>
  </datafield>
  <datafield tag="520" ind1=" " ind2=" ">
    <subfield code="a">Monastic disciplinary rules for Buddhist novices.</subfield>
  </datafield>
  <datafield tag="650" ind1=" " ind2="0">
    <subfield code="a">Buddhist monasticism and religious orders</subfield>
    <subfield code="v">Rules.</subfield>
  </datafield>
  <datafield tag="650" ind1=" " ind2="0">
    <subfield code="a">Bkaʼ-rgyud-pa (Sect)</subfield>
  </datafield>
  <datafield tag="650" ind1=" " ind2="0">
    <subfield code="a">Buddhist novices</subfield>
    <subfield code="x">Discipline.</subfield>
  </datafield>
  <datafield tag="600" ind1="0" ind2="0">
    <subfield code="a">Śākyaprabha,</subfield>
    <subfield code="d">active 8th century-9th century.</subfield>
    <subfield code="t">Āryamūlasarvāstivādiśrāmaṇerakārikā.</subfield>
  </datafield>
  <datafield tag="600" ind1="0" ind2="0">
    <subfield code="a">Nāgārjuna,</subfield>
    <subfield code="d">active 8th century.</subfield>
    <subfield code="t">Āryamūlasarvāstivādiśrāmaṇerakārikā.</subfield>
  </datafield>
  <datafield tag="600" ind1="0" ind2="0">
    <subfield code="a">Aśvaghoṣa.</subfield>
    <subfield code="t">Gurupañcāśikā.</subfield>
  </datafield>
  <datafield tag="700" ind1="0" ind2=" ">
    <subfield code="a">Karma-rin-chen-dar-rgyas,</subfield>
    <subfield code="c">Mkhan-po.</subfield>
  </datafield>
  <datafield tag="700" ind1="0" ind2=" ">
    <subfield code="a">Chos-kyi-grags-pa-ye-śes-dpal-bzaṅ-po,</subfield>
    <subfield code="c">Źwa-dmar IV,</subfield>
    <subfield code="d">1453-1524.</subfield>
  </datafield>
  <datafield tag="700" ind1="0" ind2="2">
    <subfield code="a">Śākyaprabha,</subfield>
    <subfield code="d">active 8th century-9th century.</subfield>
    <subfield code="t">Āryamūlasarvāstivādiśrāmaṇerakārikā.</subfield>
    <subfield code="l">Tibetan.</subfield>
  </datafield>
  <datafield tag="700" ind1="0" ind2="2">
    <subfield code="a">Nāgārjuna,</subfield>
    <subfield code="d">active 8th century.</subfield>
    <subfield code="t">Āryamūlasarvāstivādiśrāmaṇerakārikā.</subfield>
    <subfield code="l">Tibetan.</subfield>
  </datafield>
  <datafield tag="700" ind1="0" ind2="2">
    <subfield code="a">Aśvaghoṣa.</subfield>
    <subfield code="t">Gurupañcāśikā.</subfield>
    <subfield code="l">Tibetan.</subfield>
  </datafield>
</record>