

<record xmlns="http://www.loc.gov/MARC21/slim"
xmlns:xsi="http://www.w3.org/2001/XMLSchema-instance"
xsi:schemaLocation="http://www.loc.gov/MARC21/slim
http://www.loc.gov/standards/marcxml/schema/MARC21slim.xsd">
  <leader>     nam a22     4a 4500</leader>
  <controlfield tag="001">009389417-1</controlfield>
  <controlfield tag="005">20090612122259.0</controlfield>
  <controlfield tag="008">040616s1999    ii a          000|0 tibod</controlfield>
  <datafield tag="035" ind1="0" ind2=" ">
    <subfield code="a">ocn403631292</subfield>
  </datafield>
  <datafield tag="035" ind1="0" ind2=" ">
    <subfield code="a">ocn169590731</subfield>
  </datafield>
  <datafield tag="100" ind1="0" ind2=" ">
    <subfield code="a">Koṅ-sprul Blo-gros-mthaʼ-yas,</subfield>
    <subfield code="d">1813-1899.</subfield>
  </datafield>
  <datafield tag="240" ind1="1" ind2="0">
    <subfield code="a">Theg paʼi sgo kun las ʼdus pa gsuṅ rab rin po cheʼi mdzod bslab pa gsum legs par ston paʼi bstan bcos shes bya kun khyab.</subfield>
    <subfield code="k">Selections</subfield>
  </datafield>
  <datafield tag="245" ind1="1" ind2="0">
    <subfield code="a">Śes bya kun khyab mdzod las bźi pa :</subfield>
    <subfield code="b">rgyal bstan ʼdzam-buʼi-gliṅ du ji ltar dar baʼi rim par phye baʼi skabs gźugs so /</subfield>
    <subfield code="c">mdzad pa po ʻJam-mgon-blo-gros-mthaʼ-yas.</subfield>
  </datafield>
  <datafield tag="246" ind1="3" ind2=" ">
    <subfield code="a">Śes bya kun khyab mdzod</subfield>
  </datafield>
  <datafield tag="246" ind1="1" ind2="8">
    <subfield code="a">Rgyal bstan ʼdzam buʼi gliṅ du ji ltar dar baʼi rim par phye ba</subfield>
  </datafield>
  <datafield tag="250" ind1=" " ind2=" ">
    <subfield code="a">2nd ed.</subfield>
  </datafield>
  <datafield tag="260" ind1=" " ind2=" ">
    <subfield code="a">Sarnath, Varanasi :</subfield>
    <subfield code="b">Vajra Vidya Monastery, Vajra Vidya Institute,</subfield>
    <subfield code="c">1999.</subfield>
  </datafield>
  <datafield tag="300" ind1=" " ind2=" ">
    <subfield code="a">256 p. :</subfield>
    <subfield code="b">col. ill. ;</subfield>
    <subfield code="c">21 cm.</subfield>
  </datafield>
  <datafield tag="546" ind1=" " ind2=" ">
    <subfield code="a">In Tibetan.</subfield>
  </datafield>
  <datafield tag="520" ind1=" " ind2=" ">
    <subfield code="a">From part IV of Jamgon Kongtrul Lodro Thaye&apos;s Śes bya kun khyab mdzod [Treasury of Knowledge : The progression by which the teaching of the Jina [i.e. the Buddha] flourished in the world [i.e. India &amp; Tibet].</subfield>
  </datafield>
  <datafield tag="650" ind1=" " ind2="0">
    <subfield code="a">Bkaʼ-rgyud-pa (Sect)</subfield>
  </datafield>
  <datafield tag="650" ind1=" " ind2="0">
    <subfield code="a">Buddhism</subfield>
    <subfield code="x">Doctrines</subfield>
    <subfield code="x">History.</subfield>
  </datafield>
  <datafield tag="650" ind1=" " ind2="0">
    <subfield code="a">Buddhist sects.</subfield>
  </datafield>
</record>