

<record xmlns="http://www.loc.gov/MARC21/slim"
xmlns:xsi="http://www.w3.org/2001/XMLSchema-instance"
xsi:schemaLocation="http://www.loc.gov/MARC21/slim
http://www.loc.gov/standards/marcxml/schema/MARC21slim.xsd">
  <leader>     nam a22     4a 4500</leader>
  <controlfield tag="001">009389434-1</controlfield>
  <controlfield tag="005">20090602142302.0</controlfield>
  <controlfield tag="008">070719s2003    ii            000|0 tibod</controlfield>
  <datafield tag="035" ind1="0" ind2=" ">
    <subfield code="a">ocn166456542</subfield>
  </datafield>
  <datafield tag="035" ind1=" " ind2=" ">
    <subfield code="a">ocn166456542</subfield>
  </datafield>
  <datafield tag="041" ind1="1" ind2=" ">
    <subfield code="a">tib</subfield>
    <subfield code="h">san</subfield>
  </datafield>
  <datafield tag="100" ind1="0" ind2=" ">
    <subfield code="a">Dbaṅ-phyug-rdo-rje,</subfield>
    <subfield code="c">Karma-pa IX,</subfield>
    <subfield code="d">1556-1603.</subfield>
  </datafield>
  <datafield tag="240" ind1="1" ind2="0">
    <subfield code="a">ʼJug ṭīk dwags brgyud grub paʼi śiṅ rta bde bar ʼdren byed skal bzaṅ dgaʼ ston</subfield>
  </datafield>
  <datafield tag="245" ind1="1" ind2="0">
    <subfield code="a">ʼJug ṭīka dvags brgyud grub paʼi śiṅ rta bde bar ʼdren byed skal bzaṅ dgaʼ ston źes bya ba bźugs so :</subfield>
    <subfield code="b">brjod bya zab pa daṅ rgya che ba /</subfield>
    <subfield code="c">mdzad pa po Karma-pa sku phreṅ dgu pa Dbaṅ-phyug-rdo-rje.</subfield>
  </datafield>
  <datafield tag="246" ind1="3" ind2=" ">
    <subfield code="a">ʼJug ṭīka dwags brgyud grub paʼi śiṅ rta bde bar ʼdren byed skal bzaṅ dgaʼ ston źes bya ba bźugs so</subfield>
  </datafield>
  <datafield tag="250" ind1=" " ind2=" ">
    <subfield code="a">1st ed.</subfield>
  </datafield>
  <datafield tag="260" ind1=" " ind2=" ">
    <subfield code="a">Sarnath, Varanasi :</subfield>
    <subfield code="b">Vajra Vidya Institute,</subfield>
    <subfield code="c">2003.</subfield>
  </datafield>
  <datafield tag="300" ind1=" " ind2=" ">
    <subfield code="a">420 p. ;</subfield>
    <subfield code="c">22 cm.</subfield>
  </datafield>
  <datafield tag="520" ind1=" " ind2=" ">
    <subfield code="a">Commentary on Madhyamakāvatāra of Candrakīrti by IX Karmapa Dbaṅ-phyug-rdo-rje, 1556-1603.</subfield>
  </datafield>
  <datafield tag="600" ind1="0" ind2="0">
    <subfield code="a">Candrakīrti.</subfield>
    <subfield code="t">Madhyamakāvatāra.</subfield>
  </datafield>
  <datafield tag="650" ind1=" " ind2="0">
    <subfield code="a">Mādhyamika (Buddhism)</subfield>
  </datafield>
  <datafield tag="650" ind1=" " ind2="0">
    <subfield code="a">Bkaʾ-rgyud-pa (Sect)</subfield>
  </datafield>
  <datafield tag="700" ind1="0" ind2="2">
    <subfield code="a">Candrakīrti.</subfield>
    <subfield code="t">Madhyamakāvatāra.</subfield>
    <subfield code="l">Tibetan.</subfield>
  </datafield>
</record>