

<record xmlns="http://www.loc.gov/MARC21/slim"
xmlns:xsi="http://www.w3.org/2001/XMLSchema-instance"
xsi:schemaLocation="http://www.loc.gov/MARC21/slim
http://www.loc.gov/standards/marcxml/schema/MARC21slim.xsd">
  <leader>     nam a22     4a 4500</leader>
  <controlfield tag="001">009389438-4</controlfield>
  <controlfield tag="005">20091013174249.0</controlfield>
  <controlfield tag="008">040616s2002    np            000|0 tibod</controlfield>
  <datafield tag="035" ind1="0" ind2=" ">
    <subfield code="a">ocn429158065</subfield>
  </datafield>
  <datafield tag="035" ind1="0" ind2=" ">
    <subfield code="a">ocn169590764</subfield>
  </datafield>
  <datafield tag="100" ind1="0" ind2=" ">
    <subfield code="a">Bkra-śis-rnam-rgyal,</subfield>
    <subfield code="c">Dwags-po Paṇ-chen,</subfield>
    <subfield code="d">1512 or 1513-1587.</subfield>
  </datafield>
  <datafield tag="245" ind1="1" ind2="0">
    <subfield code="a">Ṅes don phyag rgya chen poʼi khrid yig chen mo gñug maʼi de ñid gsal ba źes bya ba bźugs so /</subfield>
    <subfield code="c">Dvags-po-Rab-ʼbyams-pa-bkra-śis-rgyal gyis brtsams ; [transcribed, edited and annotated by Thrangu Dharma Kara Publication].</subfield>
  </datafield>
  <datafield tag="260" ind1=" " ind2=" ">
    <subfield code="a">Bouddha, Kathmandu, Nepal :</subfield>
    <subfield code="b">Thrangu Dharma Kara Publication,</subfield>
    <subfield code="c">2002.</subfield>
  </datafield>
  <datafield tag="300" ind1=" " ind2=" ">
    <subfield code="a">97 p. ;</subfield>
    <subfield code="c">22 cm.</subfield>
  </datafield>
  <datafield tag="490" ind1="0" ind2=" ">
    <subfield code="a">Sde tshan gsum pa ;</subfield>
    <subfield code="v">3</subfield>
  </datafield>
  <datafield tag="546" ind1=" " ind2=" ">
    <subfield code="a">In Tibetan.</subfield>
  </datafield>
  <datafield tag="650" ind1=" " ind2="0">
    <subfield code="a">Mahāmudrā (Tantric rite)</subfield>
  </datafield>
  <datafield tag="650" ind1=" " ind2="0">
    <subfield code="a">Meditation</subfield>
    <subfield code="x">Tantric Buddhism.</subfield>
  </datafield>
  <datafield tag="650" ind1=" " ind2="0">
    <subfield code="a">Spiritual life</subfield>
    <subfield code="x">Buddhism.</subfield>
  </datafield>
  <datafield tag="650" ind1=" " ind2="0">
    <subfield code="a">Bkaʼ-rgyud-pa (Sect)</subfield>
  </datafield>
  <datafield tag="710" ind1="2" ind2=" ">
    <subfield code="a">Khra-ʼgu Dharmā-ka-ra Rtsom-sgyur-khaṅ.</subfield>
  </datafield>
</record>