

<record xmlns="http://www.loc.gov/MARC21/slim"
xmlns:xsi="http://www.w3.org/2001/XMLSchema-instance"
xsi:schemaLocation="http://www.loc.gov/MARC21/slim
http://www.loc.gov/standards/marcxml/schema/MARC21slim.xsd">
  <leader>     nam a22     4a 4500</leader>
  <controlfield tag="001">009389456-2</controlfield>
  <controlfield tag="005">20090723122631.0</controlfield>
  <controlfield tag="008">040616s2003    ii            000|0 tibod</controlfield>
  <datafield tag="035" ind1="0" ind2=" ">
    <subfield code="a">ocn166456544</subfield>
  </datafield>
  <datafield tag="100" ind1="0" ind2=" ">
    <subfield code="a">Dignāga,</subfield>
    <subfield code="d">active 5th century.</subfield>
  </datafield>
  <datafield tag="240" ind1="1" ind2="0">
    <subfield code="a">Pramāṇasamuccaya.</subfield>
    <subfield code="l">Tibetan</subfield>
  </datafield>
  <datafield tag="245" ind1="1" ind2="0">
    <subfield code="a">Tshad ma mdo :</subfield>
    <subfield code="b">daṅ, Tshad ma rnam ʼgrel, Tshad ma rnam ṅes, Tshad ma rigs thigs, bcas kyi rtsa ba bźugs-so : brjod bya rtog ge tshig don brgyad /</subfield>
    <subfield code="c">mdzad pa po slob dpon Phyogs-glaṅ daṅ Chos-kyi-grags-pa.</subfield>
  </datafield>
  <datafield tag="246" ind1="3" ind2=" ">
    <subfield code="a">Tshad ma mdo</subfield>
  </datafield>
  <datafield tag="246" ind1="3" ind2="0">
    <subfield code="a">Tshad ma rnam ʼgrel</subfield>
  </datafield>
  <datafield tag="246" ind1="3" ind2="0">
    <subfield code="a">Tshad ma rnam ṅes</subfield>
  </datafield>
  <datafield tag="246" ind1="3" ind2="0">
    <subfield code="a">Tshad ma rigs thigs</subfield>
  </datafield>
  <datafield tag="250" ind1=" " ind2=" ">
    <subfield code="a">1st ed.</subfield>
  </datafield>
  <datafield tag="260" ind1=" " ind2=" ">
    <subfield code="a">Sarnath, Varanasi :</subfield>
    <subfield code="b">Library, Vajra Vidya Institute,</subfield>
    <subfield code="c">2003.</subfield>
  </datafield>
  <datafield tag="300" ind1=" " ind2=" ">
    <subfield code="a">24, 363 p. ;</subfield>
    <subfield code="c">22 cm.</subfield>
  </datafield>
  <datafield tag="546" ind1=" " ind2=" ">
    <subfield code="a">In Tibetan.</subfield>
  </datafield>
  <datafield tag="650" ind1=" " ind2="0">
    <subfield code="a">Buddhist logic</subfield>
    <subfield code="v">Early works to 1800.</subfield>
  </datafield>
  <datafield tag="700" ind1="0" ind2="2">
    <subfield code="a">Dharmakīrti,</subfield>
    <subfield code="d">active 7th century.</subfield>
    <subfield code="t">Pramāṇavārttika.</subfield>
    <subfield code="l">Tibetan.</subfield>
  </datafield>
  <datafield tag="700" ind1="0" ind2="2">
    <subfield code="a">Dharmakīrti,</subfield>
    <subfield code="d">active 7th century.</subfield>
    <subfield code="t">Pramāṇaviniścaya.</subfield>
    <subfield code="l">Tibetan.</subfield>
  </datafield>
  <datafield tag="700" ind1="0" ind2="2">
    <subfield code="a">Dharmakīrti,</subfield>
    <subfield code="d">active 7th century.</subfield>
    <subfield code="t">Nyāyabindu.</subfield>
    <subfield code="l">Tibetan.</subfield>
  </datafield>
</record>