

<record xmlns="http://www.loc.gov/MARC21/slim"
xmlns:xsi="http://www.w3.org/2001/XMLSchema-instance"
xsi:schemaLocation="http://www.loc.gov/MARC21/slim
http://www.loc.gov/standards/marcxml/schema/MARC21slim.xsd">
  <leader>     nam a22     4a 4500</leader>
  <controlfield tag="001">009389477-5</controlfield>
  <controlfield tag="005">20090729153524.0</controlfield>
  <controlfield tag="008">040616s2002    ii c          000|0 tibod</controlfield>
  <datafield tag="035" ind1="0" ind2=" ">
    <subfield code="a">ocn166456547</subfield>
  </datafield>
  <datafield tag="100" ind1="0" ind2=" ">
    <subfield code="a">Seṅ-ge-bzaṅ-po,</subfield>
    <subfield code="c">slob dpon.</subfield>
  </datafield>
  <datafield tag="245" ind1="1" ind2="0">
    <subfield code="a">Śes rab kyi pha rol tu phyin paʼi man ṅag gi bstan bcos mṅon par rtogs paʼi rgyan gyi ʼgrel pa Don gsal bźugs so /</subfield>
    <subfield code="c">ʼgrel mdzod pa slob dpon Seṅ-ge-bzaṅ-po, sa bcad mdzad po Karma-pa Mi-bskyod-rdo-rje.</subfield>
  </datafield>
  <datafield tag="246" ind1="3" ind2="0">
    <subfield code="a">Don gsal bźugs so</subfield>
  </datafield>
  <datafield tag="246" ind1="1" ind2="8">
    <subfield code="a">Śer phyin ʼgrel pa don gsal</subfield>
  </datafield>
  <datafield tag="246" ind1="1" ind2="4">
    <subfield code="a">Śer phyin mṅon rtogs rgyan gyi bstan bcos rgyas ʼgrel Don gsal bźugs so</subfield>
  </datafield>
  <datafield tag="260" ind1=" " ind2=" ">
    <subfield code="a">Sarnath, Varanasi :</subfield>
    <subfield code="b">Vajra Vidya Institute / Vajra Vidya Library,</subfield>
    <subfield code="c">2002.</subfield>
  </datafield>
  <datafield tag="300" ind1=" " ind2=" ">
    <subfield code="a">282 p. :</subfield>
    <subfield code="b">port. ;</subfield>
    <subfield code="c">22 cm.</subfield>
  </datafield>
  <datafield tag="546" ind1=" " ind2=" ">
    <subfield code="a">In Tibetan.</subfield>
  </datafield>
  <datafield tag="520" ind1=" " ind2=" ">
    <subfield code="a">Commentary on the systematization of Prajñāparamitā: an explanation of the eight categories and seventy topics that form the central theses of Abhisamayālaṅkāra, which reveals the so-called hidden meaning (sbed don) of the Prajñāparamitā sūtras.</subfield>
  </datafield>
  <datafield tag="500" ind1=" " ind2=" ">
    <subfield code="a">&quot;Brjod bya dṅos po brgyad daṅ don dun bcu.&quot;</subfield>
  </datafield>
  <datafield tag="630" ind1="0" ind2="0">
    <subfield code="a">Tripiṭaka.</subfield>
    <subfield code="p">Sūtrapiṭaka.</subfield>
    <subfield code="p">Prajñāpāramitā</subfield>
    <subfield code="v">Commentaries.</subfield>
  </datafield>
  <datafield tag="630" ind1="0" ind2="0">
    <subfield code="a">Abhisamayālaṅkāra</subfield>
    <subfield code="v">Commentaries.</subfield>
  </datafield>
  <datafield tag="650" ind1=" " ind2="0">
    <subfield code="a">Bkaʼ-rgyud-pa (Sect)</subfield>
  </datafield>
  <datafield tag="700" ind1="0" ind2=" ">
    <subfield code="a">Mi-bskyod-rdo-rje,</subfield>
    <subfield code="c">Karma-pa VIII,</subfield>
    <subfield code="d">1507-1554.</subfield>
  </datafield>
</record>