

<record xmlns="http://www.loc.gov/MARC21/slim"
xmlns:xsi="http://www.w3.org/2001/XMLSchema-instance"
xsi:schemaLocation="http://www.loc.gov/MARC21/slim
http://www.loc.gov/standards/marcxml/schema/MARC21slim.xsd">
  <leader>00835nam a22002414a 4500</leader>
  <controlfield tag="001">009458557-1</controlfield>
  <controlfield tag="005">20100629121755.0</controlfield>
  <controlfield tag="008">810304s2004    nyu           00000 tibo</controlfield>
  <datafield tag="035" ind1="0" ind2=" ">
    <subfield code="a">ocn645662587</subfield>
  </datafield>
  <datafield tag="100" ind1="0" ind2=" ">
    <subfield code="a">Blo-bzaṅ-chos-ʼbyor-lhun-grub,</subfield>
    <subfield code="c">Roṅ-tha,</subfield>
    <subfield code="d">1857-1900.</subfield>
  </datafield>
  <datafield tag="240" ind1="1" ind2="0">
    <subfield code="a">Works</subfield>
  </datafield>
  <datafield tag="245" ind1="1" ind2="0">
    <subfield code="a">Roṅ-tha Blo-bzaṅ-chos-ʼbyor-lhun-grub kyi gsuṅ ʼbum</subfield>
    <subfield code="h">[electronic resource].</subfield>
  </datafield>
  <datafield tag="246" ind1="3" ind2=" ">
    <subfield code="a">Collected works (gsuṅ ʼbum) of Blo-bzaṅ-chos-ʼbyor-lhun-grub, the 4th Roṅ-tha Chuṅ-tshaṅ Sprul-sku</subfield>
  </datafield>
  <datafield tag="246" ind1="3" ind2=" ">
    <subfield code="a">Rje btsun Blo-bzaṅ-chos-ʼbyor-lhun-grub-dpal-bzaṅ-poʼi gsuṅ rabs</subfield>
  </datafield>
  <datafield tag="260" ind1="0" ind2=" ">
    <subfield code="a">New York :</subfield>
    <subfield code="b">Tibetan Buddhist Resource Center,</subfield>
    <subfield code="c">[2004]</subfield>
  </datafield>
  <datafield tag="300" ind1=" " ind2=" ">
    <subfield code="a">1 CD-ROM ;</subfield>
    <subfield code="c">4 3/4 in.</subfield>
  </datafield>
  <datafield tag="538" ind1=" " ind2=" ">
    <subfield code="a">System requirements: Adobe Acrobat reader.</subfield>
  </datafield>
  <datafield tag="546" ind1=" " ind2=" ">
    <subfield code="a">In Tibetan.</subfield>
  </datafield>
  <datafield tag="500" ind1=" " ind2=" ">
    <subfield code="a">Consists of digital facsimiles of print edition: New Delhi : Ngawang Sopa, 1975.</subfield>
  </datafield>
  <datafield tag="500" ind1=" " ind2=" ">
    <subfield code="a">&quot;Reproduced from the extant set of the prints from the Roṅ-tha blocks by Ngawang Sopa.&quot;</subfield>
  </datafield>
  <datafield tag="500" ind1=" " ind2=" ">
    <subfield code="a">Title from disc label.</subfield>
  </datafield>
  <datafield tag="500" ind1=" " ind2=" ">
    <subfield code="a">TBRC resource code W21027; TBRC vol. numbers 3039-3941.</subfield>
  </datafield>
  <datafield tag="520" ind1=" " ind2=" ">
    <subfield code="a">Writings of a Gelukpa polymath of eastern Tibet.</subfield>
  </datafield>
  <datafield tag="650" ind1=" " ind2="0">
    <subfield code="a">Dge-lugs-pa (Sect)</subfield>
  </datafield>
  <datafield tag="655" ind1=" " ind2="0">
    <subfield code="a">CD-ROMs.</subfield>
  </datafield>
  <datafield tag="710" ind1="2" ind2=" ">
    <subfield code="a">Tibetan Buddhist Resource Center.</subfield>
  </datafield>
</record>