

<record xmlns="http://www.loc.gov/MARC21/slim"
xmlns:xsi="http://www.w3.org/2001/XMLSchema-instance"
xsi:schemaLocation="http://www.loc.gov/MARC21/slim
http://www.loc.gov/standards/marcxml/schema/MARC21slim.xsd">
  <leader>01506cam a22003014a 4500</leader>
  <controlfield tag="001">009459912-2</controlfield>
  <controlfield tag="005">20100719151536.0</controlfield>
  <controlfield tag="008">800510s2004    nyu           00010atibo</controlfield>
  <datafield tag="035" ind1="0" ind2=" ">
    <subfield code="a">ocn645662599</subfield>
  </datafield>
  <datafield tag="100" ind1="0" ind2=" ">
    <subfield code="a">Dpal-ldan-chos-skyoṅ,</subfield>
    <subfield code="c">Abbot of Ṅor,</subfield>
    <subfield code="d">1702-1759.</subfield>
  </datafield>
  <datafield tag="240" ind1="1" ind2="0">
    <subfield code="a">Graṅs med tshe rabs dus nas dkar nag sbags pa las kyi sa bon gyis bskyed pa cir snaṅ ʼkhrul paʼi bag chags ar ʼthas su raṅ gis ji ltar myoṅ baʼi rtogs pa brjod pa sna tshogs ljon pa stug poʼi ʼkhri śiṅ</subfield>
  </datafield>
  <datafield tag="245" ind1="1" ind2="0">
    <subfield code="a">Ṅor Mkhan-chen Dpal-ldan-chos-skyoṅ źabs kyi rnam thar sna tshogs ljon pa stug poʼi ʼkhri śiṅ</subfield>
    <subfield code="h">[electronic resource].</subfield>
  </datafield>
  <datafield tag="246" ind1="3" ind2=" ">
    <subfield code="a">Autobiography of the 33rd Abbot of Ṅor Dpal-ldan-chos-skyoṅ</subfield>
  </datafield>
  <datafield tag="246" ind1="3" ind2=" ">
    <subfield code="a">Autobiography of the thirty-third Abbot of Ṅor Dpal-ldan-chos-skyoṅ</subfield>
  </datafield>
  <datafield tag="260" ind1=" " ind2=" ">
    <subfield code="a">New York :</subfield>
    <subfield code="b">Tibetan Buddhist Resource Center,</subfield>
    <subfield code="c">[2004]</subfield>
  </datafield>
  <datafield tag="300" ind1=" " ind2=" ">
    <subfield code="a">1 CD-ROM ;</subfield>
    <subfield code="c">4 3/4 in.</subfield>
  </datafield>
  <datafield tag="538" ind1=" " ind2=" ">
    <subfield code="a">System requirements: Adobe Acrobat reader.</subfield>
  </datafield>
  <datafield tag="500" ind1=" " ind2=" ">
    <subfield code="a">Title from disc label.</subfield>
  </datafield>
  <datafield tag="546" ind1=" " ind2=" ">
    <subfield code="a">In Tibetan; prefatory matter in English.</subfield>
  </datafield>
  <datafield tag="500" ind1=" " ind2=" ">
    <subfield code="a">Consists of digital facsimiles of print edition: Tashijong, H.P. India : Sungrab Nyamso Gyunphel Parkhang, Tibetan Craft Community, 1974-1975.</subfield>
  </datafield>
  <datafield tag="500" ind1=" " ind2=" ">
    <subfield code="a">&quot;Reproduced from a tracing of a print from the Sde-dge blocks from the library of Burmiok Athing by the eighth Khams-sprul Don-brgyud-ñi-ma.&quot;</subfield>
  </datafield>
  <datafield tag="500" ind1=" " ind2=" ">
    <subfield code="a">&quot;Completed and edited by Źu-chen Tshul-khrims-rin-chen of Sde-dge.&quot;</subfield>
  </datafield>
  <datafield tag="500" ind1=" " ind2=" ">
    <subfield code="a">TBRC resource code W10419; TBRC vol. numbers 3190-3193.</subfield>
  </datafield>
  <datafield tag="600" ind1="0" ind2="0">
    <subfield code="a">Dpal-ldan-chos-skyoṅ,</subfield>
    <subfield code="c">Abbot of Ṅor,</subfield>
    <subfield code="d">1702-1759.</subfield>
  </datafield>
  <datafield tag="650" ind1=" " ind2="0">
    <subfield code="a">Sa-skya-pa lamas</subfield>
    <subfield code="z">China</subfield>
    <subfield code="z">Tibet Autonomous Region</subfield>
    <subfield code="v">Biography.</subfield>
  </datafield>
  <datafield tag="655" ind1=" " ind2="0">
    <subfield code="a">CD-ROMs.</subfield>
  </datafield>
  <datafield tag="700" ind1="0" ind2=" ">
    <subfield code="a">Tshul-khrims-rin-chen,</subfield>
    <subfield code="c">Źu-chen,</subfield>
    <subfield code="d">1697-1774.</subfield>
  </datafield>
  <datafield tag="710" ind1="2" ind2=" ">
    <subfield code="a">Tibetan Buddhist Resource Center.</subfield>
  </datafield>
</record>