

<record xmlns="http://www.loc.gov/MARC21/slim"
xmlns:xsi="http://www.w3.org/2001/XMLSchema-instance"
xsi:schemaLocation="http://www.loc.gov/MARC21/slim
http://www.loc.gov/standards/marcxml/schema/MARC21slim.xsd">
  <leader>01244nam a22002894a 4500</leader>
  <controlfield tag="001">009459961-0</controlfield>
  <controlfield tag="005">20100629122533.0</controlfield>
  <controlfield tag="008">800313s2004    nyu           00010 tibo</controlfield>
  <datafield tag="035" ind1="0" ind2=" ">
    <subfield code="a">ocn645662603</subfield>
  </datafield>
  <datafield tag="100" ind1="0" ind2=" ">
    <subfield code="a">Bźad-paʼi-rdo-rje,</subfield>
    <subfield code="c">Sle-luṅ Rje-druṅ,</subfield>
    <subfield code="d">1697-</subfield>
  </datafield>
  <datafield tag="245" ind1="1" ind2="0">
    <subfield code="a">Mkhaʼ ʼgro gsaṅ ba ye śes kyi chos skor</subfield>
    <subfield code="h">[electronic resource] /</subfield>
    <subfield code="c">Sle-luṅ Bźad-paʼi-rdo-rje.</subfield>
  </datafield>
  <datafield tag="246" ind1="3" ind2=" ">
    <subfield code="a">Gsaṅ ba ye śes kyi chos skor</subfield>
  </datafield>
  <datafield tag="260" ind1="0" ind2=" ">
    <subfield code="a">New York :</subfield>
    <subfield code="b">Tibetan Buddhist Resource Center,</subfield>
    <subfield code="c">[2004]</subfield>
  </datafield>
  <datafield tag="300" ind1=" " ind2=" ">
    <subfield code="a">1 CD-ROM ;</subfield>
    <subfield code="c">4 3/4 in.</subfield>
  </datafield>
  <datafield tag="520" ind1=" " ind2=" ">
    <subfield code="a">Teachings of an 18th century Tibetan visionary of the Nyingmapa tradition.</subfield>
  </datafield>
  <datafield tag="538" ind1=" " ind2=" ">
    <subfield code="a">System requirements: Adobe Acrobat reader.</subfield>
  </datafield>
  <datafield tag="546" ind1=" " ind2=" ">
    <subfield code="a">Text in Tibetan; introductory matter in English.</subfield>
  </datafield>
  <datafield tag="500" ind1=" " ind2=" ">
    <subfield code="a">Consists of digital facsimiles of print edition: New Delhi : Sanje Dorje, 1974-1976.</subfield>
  </datafield>
  <datafield tag="500" ind1=" " ind2=" ">
    <subfield code="a">&quot;Extraordinary teachings from the cycle devoted to the Dākinī Guhyajñāna presented according to the visions of Sle-luṅ Bźad-paʼi-rdo-rje&quot;</subfield>
  </datafield>
  <datafield tag="500" ind1=" " ind2=" ">
    <subfield code="a">&quot;Reproduced from tracings of a set of prints from Sle-luṅ Bla-braṅ blocks from the library of the Ven. Dudjom Rimpoche.&quot;</subfield>
  </datafield>
  <datafield tag="500" ind1=" " ind2=" ">
    <subfield code="a">Title from disc label.</subfield>
  </datafield>
  <datafield tag="500" ind1=" " ind2=" ">
    <subfield code="a">TBRC resource code W09209; TBRC vol. numbers 3083-3098.</subfield>
  </datafield>
  <datafield tag="650" ind1=" " ind2="0">
    <subfield code="a">Rñiṅ-ma-pa (Sect)</subfield>
  </datafield>
  <datafield tag="650" ind1=" " ind2="0">
    <subfield code="a">Spiritual life</subfield>
    <subfield code="x">Buddhism.</subfield>
  </datafield>
  <datafield tag="650" ind1=" " ind2="0">
    <subfield code="a">Buddhism</subfield>
    <subfield code="x">Rituals.</subfield>
  </datafield>
  <datafield tag="655" ind1=" " ind2="0">
    <subfield code="a">CD-ROMs.</subfield>
  </datafield>
  <datafield tag="710" ind1="2" ind2=" ">
    <subfield code="a">Tibetan Buddhist Resource Center.</subfield>
  </datafield>
</record>