

<record xmlns="http://www.loc.gov/MARC21/slim"
xmlns:xsi="http://www.w3.org/2001/XMLSchema-instance"
xsi:schemaLocation="http://www.loc.gov/MARC21/slim
http://www.loc.gov/standards/marcxml/schema/MARC21slim.xsd">
  <leader>01173aam a22003134a 4500</leader>
  <controlfield tag="001">009463200-6</controlfield>
  <controlfield tag="005">20100712190220.0</controlfield>
  <controlfield tag="008">951221s2004    nyu           000 0 tibo</controlfield>
  <datafield tag="035" ind1="0" ind2=" ">
    <subfield code="a">ocn645662619</subfield>
  </datafield>
  <datafield tag="050" ind1="0" ind2="0">
    <subfield code="a">BQ7550</subfield>
    <subfield code="b">.S25</subfield>
  </datafield>
  <datafield tag="100" ind1="0" ind2=" ">
    <subfield code="a">Saṅs-rgyas-rdo-rje,</subfield>
    <subfield code="c">Mkhas-dbaṅ,</subfield>
    <subfield code="d">active 17th century.</subfield>
  </datafield>
  <datafield tag="240" ind1="1" ind2="0">
    <subfield code="a">Works.</subfield>
    <subfield code="f">1995</subfield>
  </datafield>
  <datafield tag="245" ind1="1" ind2="0">
    <subfield code="a">Mkhas dbaṅ Saṅs-rgyas-rdo-rjeʼi gsuṅ ʼbum</subfield>
    <subfield code="h">[electronic resource].</subfield>
  </datafield>
  <datafield tag="246" ind1="1" ind2=" ">
    <subfield code="i">Title from container insert:</subfield>
    <subfield code="a">Collected works of the khewang Sangye Dorje</subfield>
  </datafield>
  <datafield tag="246" ind1="3" ind2=" ">
    <subfield code="a">ʼJam-paʼi-dbyaṅs Mkhas-dbaṅ Saṅs-rgyas-rdo-rjeʼi gsuṅ ʼbum rin po che</subfield>
  </datafield>
  <datafield tag="246" ind1="3" ind2=" ">
    <subfield code="a">Collected works of Mkhas-dbaṅ Saṅs-rgyas rdo-rje</subfield>
  </datafield>
  <datafield tag="260" ind1=" " ind2=" ">
    <subfield code="a">New York :</subfield>
    <subfield code="b">Tibetan Buddhist Resource Center,</subfield>
    <subfield code="c">[2004]</subfield>
  </datafield>
  <datafield tag="300" ind1=" " ind2=" ">
    <subfield code="a">1 CD-ROM ;</subfield>
    <subfield code="c">4 3/4 in.</subfield>
  </datafield>
  <datafield tag="490" ind1="1" ind2=" ">
    <subfield code="a">Shri Gautam publication series ;</subfield>
    <subfield code="v">18-25</subfield>
  </datafield>
  <datafield tag="520" ind1=" " ind2=" ">
    <subfield code="a">Predominantly on Mahayana Buddhism; includes various liturgical aspects of the ʼBrug-pa sect.</subfield>
  </datafield>
  <datafield tag="538" ind1=" " ind2=" ">
    <subfield code="a">System requirements: Adobe Acrobat reader.</subfield>
  </datafield>
  <datafield tag="546" ind1=" " ind2=" ">
    <subfield code="a">In Tibetan.</subfield>
  </datafield>
  <datafield tag="500" ind1=" " ind2=" ">
    <subfield code="a">Contains digital facsimiles of print edition: Kathmandu : Āchārya Shedup Tenzin, 1995.</subfield>
  </datafield>
  <datafield tag="500" ind1=" " ind2=" ">
    <subfield code="a">Title from disc label.</subfield>
  </datafield>
  <datafield tag="500" ind1=" " ind2=" ">
    <subfield code="a">TBRC resource code W23556; TBRC vol. numbers 2132-2139.</subfield>
  </datafield>
  <datafield tag="650" ind1=" " ind2="0">
    <subfield code="a">ʼBrug-pa (Sect)</subfield>
    <subfield code="x">Rituals</subfield>
    <subfield code="x">Early works to 1800.</subfield>
  </datafield>
  <datafield tag="650" ind1=" " ind2="0">
    <subfield code="a">Buddhism</subfield>
    <subfield code="z">China</subfield>
    <subfield code="z">Tibet Autonomous Region</subfield>
    <subfield code="v">Early works to 1800.</subfield>
  </datafield>
  <datafield tag="655" ind1=" " ind2="0">
    <subfield code="a">CD-ROMS.</subfield>
  </datafield>
  <datafield tag="710" ind1="2" ind2=" ">
    <subfield code="a">Tibetan Buddhist Resource Center.</subfield>
  </datafield>
  <datafield tag="830" ind1=" " ind2="0">
    <subfield code="a">Shri Gautam publication series ;</subfield>
    <subfield code="v">18-25.</subfield>
  </datafield>
</record>