

<record xmlns="http://www.loc.gov/MARC21/slim"
xmlns:xsi="http://www.w3.org/2001/XMLSchema-instance"
xsi:schemaLocation="http://www.loc.gov/MARC21/slim
http://www.loc.gov/standards/marcxml/schema/MARC21slim.xsd">
  <leader>     nam a22002654a 4500</leader>
  <controlfield tag="001">009463401-7</controlfield>
  <controlfield tag="005">20080627143622.0</controlfield>
  <controlfield tag="006">m||||f|||d| ||||||</controlfield>
  <controlfield tag="008">950112s2004    nyu           000 0 tib</controlfield>
  <datafield tag="035" ind1="0" ind2=" ">
    <subfield code="a">ocn233266767</subfield>
  </datafield>
  <datafield tag="043" ind1=" " ind2=" ">
    <subfield code="a">a-cc---</subfield>
  </datafield>
  <datafield tag="245" ind1="0" ind2="0">
    <subfield code="a">Dpal ldan Sa-skya-paʾi bkaʾ ʾbum</subfield>
    <subfield code="h">[electronic resource] :</subfield>
    <subfield code="b">the collected works of the founding masters of Sa-skya.</subfield>
  </datafield>
  <datafield tag="246" ind1="1" ind2=" ">
    <subfield code="i">Title from text scan input form:</subfield>
    <subfield code="a">Sa skya bkaʾ ʾbum</subfield>
  </datafield>
  <datafield tag="246" ind1="1" ind2=" ">
    <subfield code="i">Title from container insert:</subfield>
    <subfield code="a">Expanded collected works of the founding masters of the Sakya</subfield>
  </datafield>
  <datafield tag="246" ind1="3" ind2="0">
    <subfield code="a">Collected works of the founding masters of Sa-skya</subfield>
  </datafield>
  <datafield tag="260" ind1=" " ind2=" ">
    <subfield code="a">New York :</subfield>
    <subfield code="b">Tibetan Buddhist Resource Center,</subfield>
    <subfield code="c">[2004?]</subfield>
  </datafield>
  <datafield tag="300" ind1=" " ind2=" ">
    <subfield code="a">2 CD-ROMs ;</subfield>
    <subfield code="c">4 3/4 in.</subfield>
  </datafield>
  <datafield tag="538" ind1=" " ind2=" ">
    <subfield code="a">System requirements: Adobe Acrobat Reader 5.0 or higher; CD-ROM drive.</subfield>
  </datafield>
  <datafield tag="546" ind1=" " ind2=" ">
    <subfield code="a">In Tibetan; preliminary matter in English.</subfield>
  </datafield>
  <datafield tag="500" ind1=" " ind2=" ">
    <subfield code="a">TBRC work numbers: W22271 (vol. 1-15) and W20751 (vol. 1-3).</subfield>
  </datafield>
  <datafield tag="500" ind1=" " ind2=" ">
    <subfield code="a">Scanned from the Khams reprint of the Sde dge edition.</subfield>
  </datafield>
  <datafield tag="505" ind1="0" ind2=" ">
    <subfield code="a">v. 1-2. The collected works of Sa-chen Kun-dgaʾ-snying-po -- v. 3-5. The collected works of Slob-dpon Bsod-nams-rtse-mo -- v. 6-9. The collected works of Rje-btsun Grags-pa-rgyal-mtshan -- v. 10-12. The collected works of Sa-skya Paṇḍita Kun-dgaʾ-rgyal-mtshan -- v. 13-15. The collected works of Chos-rgyal ʾPhags-pa Blo-gros-rgyal-mtshan.-- [v. 16-18. Supplement to the collected works of the founding masters of the Sa-skya].</subfield>
  </datafield>
  <datafield tag="500" ind1=" " ind2=" ">
    <subfield code="a">&quot;This collection comprises the writings of the first five great patriarchs of the Sakya tradition: Sachen Kunga Nyingpo (1092-1158), Lopon Sonam Tsemo (1142-1182), Jetsun Dragpa Gyaltsen (1147-1216), Sakya Pandita Kunga Gyaltsen (1182-1251), and Drogon Pagpa Lodro Gyalsten (1235-1280). This is reprinted from a set of Derge Parkang Chenmo prints. This TBRC collection also includes the three supplementary volumes recently [ca. 1999] published in Lhasa by Kenpo Tsultrim Gyaltsen bringing the total number of volumes to 18&quot;--Container insert.</subfield>
  </datafield>
  <datafield tag="650" ind1=" " ind2="0">
    <subfield code="a">Sa-skya-pa (Sect)</subfield>
  </datafield>
  <datafield tag="655" ind1=" " ind2="0">
    <subfield code="a">CD-ROMs.</subfield>
  </datafield>
  <datafield tag="710" ind1="2" ind2=" ">
    <subfield code="a">Tibetan Buddhist Resource Center.</subfield>
  </datafield>
</record>