

<record xmlns="http://www.loc.gov/MARC21/slim"
xmlns:xsi="http://www.w3.org/2001/XMLSchema-instance"
xsi:schemaLocation="http://www.loc.gov/MARC21/slim
http://www.loc.gov/standards/marcxml/schema/MARC21slim.xsd">
  <leader>     cam a22002654a 4500</leader>
  <controlfield tag="001">009463857-8</controlfield>
  <controlfield tag="005">20100629124649.0</controlfield>
  <controlfield tag="008">850705s2004    nyu           000 0 tib</controlfield>
  <datafield tag="035" ind1="0" ind2=" ">
    <subfield code="a">ocn645662627</subfield>
  </datafield>
  <datafield tag="100" ind1="0" ind2=" ">
    <subfield code="a">Śes-rab-rgyal-mtshan,</subfield>
    <subfield code="c">Dol-po-pa,</subfield>
    <subfield code="d">1292-1361.</subfield>
  </datafield>
  <datafield tag="240" ind1="1" ind2="0">
    <subfield code="a">Works</subfield>
  </datafield>
  <datafield tag="245" ind1="1" ind2="0">
    <subfield code="a">Kun mkhyen Dol-po-pa Śes-rab-rgyal-mtshan gyi gsuṅ ʼbum</subfield>
    <subfield code="h">[electronic resource] =</subfield>
    <subfield code="b">Collected works of the Dolpopa Sherab Gyaltsen.</subfield>
  </datafield>
  <datafield tag="246" ind1="1" ind2=" ">
    <subfield code="i">Title from container insert:</subfield>
    <subfield code="a">Collected works of Kun mkhyen Dol-po-pa</subfield>
  </datafield>
  <datafield tag="246" ind1="3" ind2="1">
    <subfield code="a">Collected works of the Dolpopa Sherab Gyaltsen</subfield>
  </datafield>
  <datafield tag="246" ind1="3" ind2=" ">
    <subfield code="a">Collected works (gsuṅ ʼbum) of Kun-mkhyen Dol-po-pa Śes-rab-rgyal-mtshan, 1292-1361</subfield>
  </datafield>
  <datafield tag="246" ind1="3" ind2=" ">
    <subfield code="a">Kun mkhyen Dol-poʼi gsuṅ ʼbum</subfield>
  </datafield>
  <datafield tag="260" ind1=" " ind2=" ">
    <subfield code="a">New York :</subfield>
    <subfield code="b">Tibetan Buddhist Resource Center,</subfield>
    <subfield code="c">[2004]</subfield>
  </datafield>
  <datafield tag="300" ind1=" " ind2=" ">
    <subfield code="a">1 CD-ROM ;</subfield>
    <subfield code="c">4 3/4 in.</subfield>
  </datafield>
  <datafield tag="538" ind1=" " ind2=" ">
    <subfield code="a">System requirements: Adobe Acrobat reader.</subfield>
  </datafield>
  <datafield tag="546" ind1=" " ind2=" ">
    <subfield code="a">In Tibetan.</subfield>
  </datafield>
  <datafield tag="500" ind1=" " ind2=" ">
    <subfield code="a">Contains digital facsimiles of print edition: ʼDzam-thang, 1998-.</subfield>
  </datafield>
  <datafield tag="500" ind1=" " ind2=" ">
    <subfield code="a">&quot;Reproduced from a set of clear lithographic prints struck from recently carved blockprints.&quot;</subfield>
  </datafield>
  <datafield tag="500" ind1=" " ind2=" ">
    <subfield code="a">&quot;Bran rmoṅs Ban A-peʼam Puṇyai Śrīs spyi lo 1998 loʼi zla ba 10 tshes 9 la dpal ʼDzam-thaṅ gi gzim khaṅ pho braṅ du sbyar pa ste&quot; --Vol. 1, p. 91.</subfield>
  </datafield>
  <datafield tag="500" ind1=" " ind2=" ">
    <subfield code="a">Title from disc label.</subfield>
  </datafield>
  <datafield tag="500" ind1=" " ind2=" ">
    <subfield code="a">TBRC resource code W21208; TBRC vol. numbers 3492-3499.</subfield>
  </datafield>
  <datafield tag="650" ind1=" " ind2="0">
    <subfield code="a">Buddhism</subfield>
    <subfield code="z">China</subfield>
    <subfield code="z">Tibet Autonomous Region.</subfield>
  </datafield>
  <datafield tag="655" ind1=" " ind2="0">
    <subfield code="a">CD-ROMS.</subfield>
  </datafield>
  <datafield tag="710" ind1="2" ind2=" ">
    <subfield code="a">Tibetan Buddhist Resource Center.</subfield>
  </datafield>
</record>