

<record xmlns="http://www.loc.gov/MARC21/slim"
xmlns:xsi="http://www.w3.org/2001/XMLSchema-instance"
xsi:schemaLocation="http://www.loc.gov/MARC21/slim
http://www.loc.gov/standards/marcxml/schema/MARC21slim.xsd">
  <leader>     nam a22002774a 4500</leader>
  <controlfield tag="001">009464863-8</controlfield>
  <controlfield tag="005">20100712190221.0</controlfield>
  <controlfield tag="008">990610s2004    nyu           000 0 tib</controlfield>
  <datafield tag="035" ind1="0" ind2=" ">
    <subfield code="a">ocn645662633</subfield>
  </datafield>
  <datafield tag="100" ind1="1" ind2=" ">
    <subfield code="a">Kloṅ-chen-pa Dri-med-ʼod-zer,</subfield>
    <subfield code="d">1308-1363.</subfield>
  </datafield>
  <datafield tag="240" ind1="1" ind2="0">
    <subfield code="a">Seven treasuries series</subfield>
  </datafield>
  <datafield tag="245" ind1="1" ind2="0">
    <subfield code="a">Mdzod bdun</subfield>
    <subfield code="h">[electronic resource] /</subfield>
    <subfield code="c">Kun mkhyen Kloṅ-chen Rabs-ʼbyams-pa Dri-med-ʼod-zer.</subfield>
  </datafield>
  <datafield tag="246" ind1="1" ind2=" ">
    <subfield code="i">Title from container insert:</subfield>
    <subfield code="a">Famed seven treasures of Vajrayana Buddhist philosophy</subfield>
  </datafield>
  <datafield tag="260" ind1=" " ind2=" ">
    <subfield code="a">New York :</subfield>
    <subfield code="b">Tibetan Buddhist Resource Center,</subfield>
    <subfield code="c">[2004]</subfield>
  </datafield>
  <datafield tag="300" ind1=" " ind2=" ">
    <subfield code="a">1 CD-ROM ;</subfield>
    <subfield code="c">4 3/4 in.</subfield>
  </datafield>
  <datafield tag="538" ind1=" " ind2=" ">
    <subfield code="a">System requirements: Adobe Acrobat reader.</subfield>
  </datafield>
  <datafield tag="546" ind1=" " ind2=" ">
    <subfield code="a">In Tibetan.</subfield>
  </datafield>
  <datafield tag="500" ind1=" " ind2=" ">
    <subfield code="a">Contains digital facsimiles of print edition: India : Oddiyana Institute, 199-?.</subfield>
  </datafield>
  <datafield tag="500" ind1=" " ind2=" ">
    <subfield code="a">Title from disc label.</subfield>
  </datafield>
  <datafield tag="500" ind1=" " ind2=" ">
    <subfield code="a">TBRC resource code W22920; TBRC vol. numbers 0652-0658.</subfield>
  </datafield>
  <datafield tag="500" ind1=" " ind2=" ">
    <subfield code="a">&quot;Based on the Oddiyana Institute edition published by Tarthang Rinpoche.&quot;</subfield>
  </datafield>
  <datafield tag="505" ind1="0" ind2=" ">
    <subfield code="a">v. 1. Gnas lugs rin po cheʼi mdzod, Gnas lugs rin po cheʼi mdzod ces bya baʼi ʼgrel pa, Man ṅag rin po cheʼi mdzod -- v. 2. Grub paʼi mthaʼ rin po cheʼi mdzod -- v. 3. Chos dbyiṅs rin po cheʼi mdzod, Chos dbyiṅs rin po cheʼi mdzod kyi ʼgrel pa -- v. 4. Tshig don rin po cheʼi mdzod -- v. 5. Kun mkhyen bla maʼi gsuṅ rab la bsṅags pa, Mdzod bdun la blta bar bskul ba, Theg paʼi mchog rin po cheʼi mdzod -- v. 6. Theg mchog mdzod kyi glegs bam phyi ma -- v. 7. Yid bźin rin po cheʼi mdzod, Yid bźin rin po cheʼi mdzod kyi ʼgrel pa, Yid bźin mdzod kyi don khri zab don rdo rje sñiṅ po, Yid bźin mdzod kyi grub mthaʼ bsdus pa, Yid bźin rin po cheʼi mdzod kyi dkaʼ gnad ci rigs gsal bar byed pa, Le&apos;u bco brgyad paʼi tshig ʼgrol, Yid bźin mdzod kyi bcad bsdus sdom ku mu daʼi phreṅ ba.</subfield>
  </datafield>
  <datafield tag="650" ind1=" " ind2="0">
    <subfield code="a">Rdzogs-chen.</subfield>
  </datafield>
  <datafield tag="650" ind1=" " ind2="0">
    <subfield code="a">Rñiṅ-ma-pa (Sect)</subfield>
  </datafield>
  <datafield tag="655" ind1=" " ind2="0">
    <subfield code="a">CD-ROMs.</subfield>
  </datafield>
  <datafield tag="710" ind1="2" ind2=" ">
    <subfield code="a">Tibetan Buddhist Resource Center.</subfield>
  </datafield>
  <datafield tag="740" ind1="0" ind2="2">
    <subfield code="a">Gnas lugs mdzod.</subfield>
  </datafield>
  <datafield tag="740" ind1="0" ind2="2">
    <subfield code="a">Man ṅag rin po cheʼi mdzod.</subfield>
  </datafield>
  <datafield tag="740" ind1="0" ind2="2">
    <subfield code="a">Grub mthaʼ mdzod.</subfield>
  </datafield>
  <datafield tag="740" ind1="0" ind2="2">
    <subfield code="a">Chos dbyiṅs rin po cheʼi mdzod.</subfield>
  </datafield>
  <datafield tag="740" ind1="0" ind2="2">
    <subfield code="a">Tshig don mdzod.</subfield>
  </datafield>
  <datafield tag="740" ind1="0" ind2="2">
    <subfield code="a">Theg mchog mdzod.</subfield>
  </datafield>
  <datafield tag="740" ind1="0" ind2="2">
    <subfield code="a">Yid bźin mdzod.</subfield>
  </datafield>
</record>