

<record xmlns="http://www.loc.gov/MARC21/slim"
xmlns:xsi="http://www.w3.org/2001/XMLSchema-instance"
xsi:schemaLocation="http://www.loc.gov/MARC21/slim
http://www.loc.gov/standards/marcxml/schema/MARC21slim.xsd">
  <leader>00775cam a22002414a 4500</leader>
  <controlfield tag="001">009466709-8</controlfield>
  <controlfield tag="005">20100629124426.0</controlfield>
  <controlfield tag="008">730905s2004    ii            00010 tib</controlfield>
  <datafield tag="035" ind1="0" ind2=" ">
    <subfield code="a">ocn645662640</subfield>
  </datafield>
  <datafield tag="041" ind1=" " ind2=" ">
    <subfield code="a">tib</subfield>
    <subfield code="a">eng</subfield>
  </datafield>
  <datafield tag="050" ind1="0" ind2="0">
    <subfield code="a">BQ7690</subfield>
    <subfield code="b">.D58</subfield>
  </datafield>
  <datafield tag="100" ind1="0" ind2=" ">
    <subfield code="a">Dṅul-chu Dharmabhadra,</subfield>
    <subfield code="d">1772-1851.</subfield>
  </datafield>
  <datafield tag="245" ind1="1" ind2="0">
    <subfield code="a">Dṅul-chu Darmabhadraʼi gsuṅ ʼbum</subfield>
    <subfield code="h">[electronic resource].</subfield>
  </datafield>
  <datafield tag="246" ind1="1" ind2=" ">
    <subfield code="i">Title from container insert:</subfield>
    <subfield code="a">Collected works of Ngulchu Dharmabhadra</subfield>
  </datafield>
  <datafield tag="246" ind1="3" ind2=" ">
    <subfield code="a">Collected works (gsuṅ ʼbum) of Dṅul-chu Dharma-bhadra</subfield>
  </datafield>
  <datafield tag="246" ind1="3" ind2=" ">
    <subfield code="a">Thams cad mkhyen pa Dṅul-chu Dharma-bhadraʼi gsuṅ ʼbum bźugs so</subfield>
  </datafield>
  <datafield tag="260" ind1=" " ind2=" ">
    <subfield code="a">New York :</subfield>
    <subfield code="b">Tibetan Buddhist Resource Center,</subfield>
    <subfield code="c">[2004]</subfield>
  </datafield>
  <datafield tag="300" ind1=" " ind2=" ">
    <subfield code="a">1 CD-ROM ;</subfield>
    <subfield code="c">4 3/4 in.</subfield>
  </datafield>
  <datafield tag="538" ind1=" " ind2=" ">
    <subfield code="a">System requirements: Adobe Acrobat reader.</subfield>
  </datafield>
  <datafield tag="546" ind1=" " ind2=" ">
    <subfield code="a">In Tibetan; prefatory matter in English.</subfield>
  </datafield>
  <datafield tag="500" ind1=" " ind2=" ">
    <subfield code="a">Consists of facsimiles of print edition: New Delhi, 1973-1981.</subfield>
  </datafield>
  <datafield tag="500" ind1=" " ind2=" ">
    <subfield code="a">&quot;Reproduced from a manuscript copy traced from prints of the Dṅul-chu blocks, by Champa Oser.&quot;</subfield>
  </datafield>
  <datafield tag="500" ind1=" " ind2=" ">
    <subfield code="a">Vol. 4-8 of print edition has publisher: New Delhi : Tibet House.</subfield>
  </datafield>
  <datafield tag="500" ind1=" " ind2=" ">
    <subfield code="a">Title from disc label.</subfield>
  </datafield>
  <datafield tag="500" ind1=" " ind2=" ">
    <subfield code="a">TBRC resource code W20548; TBRC vol. numbers 1304-1311.</subfield>
  </datafield>
  <datafield tag="650" ind1=" " ind2="0">
    <subfield code="a">Buddhism</subfield>
    <subfield code="z">China</subfield>
    <subfield code="z">Tibet Autonomous Region</subfield>
    <subfield code="x">Rituals.</subfield>
  </datafield>
  <datafield tag="655" ind1=" " ind2="0">
    <subfield code="a">CD-ROMS.</subfield>
  </datafield>
  <datafield tag="710" ind1="2" ind2=" ">
    <subfield code="a">Tibetan Buddhist Resource Center.</subfield>
  </datafield>
</record>