

<record xmlns="http://www.loc.gov/MARC21/slim"
xmlns:xsi="http://www.w3.org/2001/XMLSchema-instance"
xsi:schemaLocation="http://www.loc.gov/MARC21/slim
http://www.loc.gov/standards/marcxml/schema/MARC21slim.xsd">
  <leader>     cam a22002655a 4500</leader>
  <controlfield tag="001">009467389-6</controlfield>
  <controlfield tag="005">20081112101027.0</controlfield>
  <controlfield tag="008">850816s2004    nyu           000 0 tib</controlfield>
  <datafield tag="035" ind1="0" ind2=" ">
    <subfield code="a">ocn271610324</subfield>
  </datafield>
  <datafield tag="043" ind1=" " ind2=" ">
    <subfield code="a">a-cc-ti</subfield>
  </datafield>
  <datafield tag="100" ind1="0" ind2=" ">
    <subfield code="a">ʼJigs-med-gliṅ-pa Raṅ-byuṅ-rdo-rje,</subfield>
    <subfield code="d">1729 or 1730-1798.</subfield>
  </datafield>
  <datafield tag="240" ind1="1" ind2="0">
    <subfield code="a">Works.</subfield>
    <subfield code="f">1985</subfield>
  </datafield>
  <datafield tag="245" ind1="1" ind2="4">
    <subfield code="a">The A-ʼdzom chos-sgar redaction of the Collected works of Kun-mkhyen ʼJigs-med-gliṅ-pa Raṅ-byuṅ-rdo-rje-mkhyen-brtseʼi-ʼod-zer</subfield>
    <subfield code="h">[electronic resource].</subfield>
  </datafield>
  <datafield tag="246" ind1="1" ind2=" ">
    <subfield code="i">Title from container insert:</subfield>
    <subfield code="a">Collected works of the Rigzin Jugme Lingpa</subfield>
  </datafield>
  <datafield tag="246" ind1="1" ind2=" ">
    <subfield code="i">Title on boards:</subfield>
    <subfield code="a">Kun-mkhyen ʼJigs-med-gliṅ-paʼi gsuṅ ʼbum.</subfield>
  </datafield>
  <datafield tag="260" ind1=" " ind2=" ">
    <subfield code="a">New York :</subfield>
    <subfield code="b">Tibetan Buddhist Resource Center,</subfield>
    <subfield code="c">[2004?]</subfield>
  </datafield>
  <datafield tag="300" ind1=" " ind2=" ">
    <subfield code="a">2 CD-ROMs ;</subfield>
    <subfield code="c">4 3/4 in.</subfield>
  </datafield>
  <datafield tag="538" ind1=" " ind2=" ">
    <subfield code="a">System requirements: Adobe Acrobat Reader 5.0 or higher; CD-ROM drive.</subfield>
  </datafield>
  <datafield tag="546" ind1=" " ind2=" ">
    <subfield code="a">In Tibetan; preliminary matter in English.</subfield>
  </datafield>
  <datafield tag="500" ind1=" " ind2=" ">
    <subfield code="a">Originally published as a 14 volume set: Paro, Bhutan : Lama Ngodrup and Sherab Demy, 1985.</subfield>
  </datafield>
  <datafield tag="500" ind1=" " ind2=" ">
    <subfield code="a">Reproduced from a clear set of prints from the recent blocks carved by the disciples of A-ʼdzom ʼBrug-pa Sras ʼGyur-med-rdo-rje.</subfield>
  </datafield>
  <datafield tag="500" ind1=" " ind2=" ">
    <subfield code="a">TBRC work numbers: W07477 (0659-0672).</subfield>
  </datafield>
  <datafield tag="520" ind1=" " ind2=" ">
    <subfield code="a">Collected writings and visionary revelations of Kunkyen Jigme Lingpa (1729/1730-1798), the restorer of the Nyingma Dzogchen tradition descending from Longchen Rabjampa.</subfield>
  </datafield>
  <datafield tag="650" ind1=" " ind2="0">
    <subfield code="a">Rñiṅ-ma-pa (Sect)</subfield>
    <subfield code="v">Early works to 1800.</subfield>
  </datafield>
  <datafield tag="655" ind1=" " ind2="0">
    <subfield code="a">CD-ROMs.</subfield>
  </datafield>
  <datafield tag="710" ind1="2" ind2=" ">
    <subfield code="a">Tibetan Buddhist Resource Center.</subfield>
  </datafield>
</record>