

<record xmlns="http://www.loc.gov/MARC21/slim"
xmlns:xsi="http://www.w3.org/2001/XMLSchema-instance"
xsi:schemaLocation="http://www.loc.gov/MARC21/slim
http://www.loc.gov/standards/marcxml/schema/MARC21slim.xsd">
  <leader>01008nam a22002654a 4500</leader>
  <controlfield tag="001">009469116-9</controlfield>
  <controlfield tag="005">20100824190422.0</controlfield>
  <controlfield tag="008">790522s2004    nyu           000 0 tibod</controlfield>
  <datafield tag="035" ind1="0" ind2=" ">
    <subfield code="a">ocn646401583</subfield>
  </datafield>
  <datafield tag="100" ind1="0" ind2=" ">
    <subfield code="a">Pha-boṅ-kha-pa Byams-pa-bstan-ʼdzin-ʼphrin-las-rgya-mtsho,</subfield>
    <subfield code="d">1878-1941.</subfield>
  </datafield>
  <datafield tag="245" ind1="1" ind2="0">
    <subfield code="a">Skyabs rje Pha-boṅ-kha Bde-chen-sñiṅ-poʼi gsuṅ ʼbum daṅ rnam thar</subfield>
    <subfield code="h">[electronic resource] =</subfield>
    <subfield code="b">Collected works of the Pabonkha Dechen Nyingpo.</subfield>
  </datafield>
  <datafield tag="246" ind1="1" ind2=" ">
    <subfield code="i">Title from container insert:</subfield>
    <subfield code="a">Collected works of the Pha bong kha pa De chen nying po</subfield>
  </datafield>
  <datafield tag="260" ind1=" " ind2=" ">
    <subfield code="a">New York :</subfield>
    <subfield code="b">Tibetan Buddhist Resource Center,</subfield>
    <subfield code="c">[2004]</subfield>
  </datafield>
  <datafield tag="300" ind1=" " ind2=" ">
    <subfield code="a">1 CD-ROM ;</subfield>
    <subfield code="c">4 3/4 in.</subfield>
  </datafield>
  <datafield tag="538" ind1=" " ind2=" ">
    <subfield code="a">System requirements: Adobe Acrobat reader.</subfield>
  </datafield>
  <datafield tag="546" ind1=" " ind2=" ">
    <subfield code="a">In Tibetan.</subfield>
  </datafield>
  <datafield tag="500" ind1=" " ind2=" ">
    <subfield code="a">Consists of digital facsimiles of print edition of collected works in 11 vols.: New Delhi: [s.n.], 1972-1974; also includes digital facsimiles of print edition of Pha-boṅ-kha-pa Bde-chen-sñiṅ-poʼi rnam thar in 1 vol.: New Delhi : Ngawang Sopa, 1981.</subfield>
  </datafield>
  <datafield tag="500" ind1=" " ind2=" ">
    <subfield code="a">&quot;Reproduced under the guidance of the ven. Khri-byaṅ Rin-po-che from the surviving manuscripts and prints from the Lhasa blocks by Chophel Legdan.&quot; --Print edition t.p.</subfield>
  </datafield>
  <datafield tag="500" ind1=" " ind2=" ">
    <subfield code="a">Title from disc label.</subfield>
  </datafield>
  <datafield tag="500" ind1=" " ind2=" ">
    <subfield code="a">TBRC resource codes W3834 and W23912; TBRC vol. numbers 1618-1628 and 4556-4557.</subfield>
  </datafield>
  <datafield tag="650" ind1=" " ind2="0">
    <subfield code="a">Tibetan language</subfield>
    <subfield code="v">Texts.</subfield>
  </datafield>
  <datafield tag="650" ind1=" " ind2="0">
    <subfield code="a">Buddhism.</subfield>
  </datafield>
  <datafield tag="650" ind1=" " ind2="0">
    <subfield code="a">Dge-lugs-pa (Sect)</subfield>
  </datafield>
  <datafield tag="655" ind1=" " ind2="0">
    <subfield code="a">CD-ROMs.</subfield>
  </datafield>
  <datafield tag="700" ind1="0" ind2=" ">
    <subfield code="a">Blo-bzaṅ-rdo-rje,</subfield>
    <subfield code="c">Ldan-ma.</subfield>
  </datafield>
  <datafield tag="710" ind1="2" ind2=" ">
    <subfield code="a">Tibetan Buddhist Resource Center.</subfield>
  </datafield>
  <datafield tag="740" ind1="0" ind2="2">
    <subfield code="a">Rigs daṅ dkyil ʼkhor rgya mtshoʼi khyab bdag He ru kah dpal ṅur smrig gar rol skyabs gcig Pha boṅ kha pa Bde chen sñiṅ po dpal bzaṅ poʼi rnam par thar pa don ldan tshaṅs paʼi dbyaṅs sñan.</subfield>
  </datafield>
</record>