

<record xmlns="http://www.loc.gov/MARC21/slim"
xmlns:xsi="http://www.w3.org/2001/XMLSchema-instance"
xsi:schemaLocation="http://www.loc.gov/MARC21/slim
http://www.loc.gov/standards/marcxml/schema/MARC21slim.xsd">
  <leader>     nam a22     5a 4500</leader>
  <controlfield tag="001">009494109-2</controlfield>
  <controlfield tag="005">20050107135236.0</controlfield>
  <controlfield tag="008">041103s2003    ii           |||||||tib|d</controlfield>
  <datafield tag="035" ind1="0" ind2=" ">
    <subfield code="a">ocm62527375</subfield>
  </datafield>
  <datafield tag="100" ind1="0" ind2=" ">
    <subfield code="a">Mi-bskyod-rdo-rje,</subfield>
    <subfield code="c">Karma-pa VIII,</subfield>
    <subfield code="d">1507-1554.</subfield>
  </datafield>
  <datafield tag="245" ind1="1" ind2="0">
    <subfield code="a">Dpal rgyal ba karma pa sku ʾphreṅ brgyad pa mi bskyod rdo rjeʾi gsuṅ ʾbum pod brgyad pa bzugs so.</subfield>
  </datafield>
  <datafield tag="260" ind1=" " ind2=" ">
    <subfield code="a">[India? :</subfield>
    <subfield code="b">s.n.,</subfield>
    <subfield code="c">2003?]</subfield>
  </datafield>
  <datafield tag="300" ind1=" " ind2=" ">
    <subfield code="a">26 v. ;</subfield>
    <subfield code="c">43 cm.</subfield>
  </datafield>
</record>