

<record xmlns="http://www.loc.gov/MARC21/slim"
xmlns:xsi="http://www.w3.org/2001/XMLSchema-instance"
xsi:schemaLocation="http://www.loc.gov/MARC21/slim
http://www.loc.gov/standards/marcxml/schema/MARC21slim.xsd">
  <leader>     cjm a2200421Ma 4500</leader>
  <controlfield tag="001">009522050-X</controlfield>
  <controlfield tag="005">20100105181214.0</controlfield>
  <controlfield tag="008">930114r199u1961nyucbn   ik         tib d</controlfield>
  <datafield tag="024" ind1="1" ind2=" ">
    <subfield code="a">744457718124</subfield>
  </datafield>
  <datafield tag="028" ind1="0" ind2="0">
    <subfield code="a">LLST 7181</subfield>
    <subfield code="b">Lyrichord</subfield>
  </datafield>
  <datafield tag="028" ind1="0" ind2="2">
    <subfield code="a">LYRCD 7181</subfield>
    <subfield code="b">Lyrichord</subfield>
  </datafield>
  <datafield tag="028" ind1="0" ind2="0">
    <subfield code="a">LL 181</subfield>
    <subfield code="b">Lyrichord</subfield>
  </datafield>
  <datafield tag="033" ind1="2" ind2=" ">
    <subfield code="a">196105--</subfield>
    <subfield code="a">196106--</subfield>
  </datafield>
  <datafield tag="035" ind1="0" ind2=" ">
    <subfield code="a">ocm42570777</subfield>
  </datafield>
  <datafield tag="035" ind1="0" ind2=" ">
    <subfield code="a">ocm27442693</subfield>
  </datafield>
  <datafield tag="040" ind1=" " ind2=" ">
    <subfield code="a">RBN</subfield>
    <subfield code="c">RBN</subfield>
    <subfield code="d">TKN</subfield>
    <subfield code="d">ORX</subfield>
    <subfield code="d">OCL</subfield>
    <subfield code="d">UPM</subfield>
    <subfield code="d">HMU</subfield>
  </datafield>
  <datafield tag="041" ind1="0" ind2=" ">
    <subfield code="g">eng</subfield>
  </datafield>
  <datafield tag="043" ind1=" " ind2=" ">
    <subfield code="a">a-cc-ti</subfield>
  </datafield>
  <datafield tag="050" ind1="1" ind2="4">
    <subfield code="a">M2188.B8</subfield>
    <subfield code="b">T5 1989</subfield>
  </datafield>
  <datafield tag="245" ind1="0" ind2="0">
    <subfield code="a">Tibetan ritual music</subfield>
    <subfield code="h">[sound recording] /</subfield>
    <subfield code="c">chanted and played by Lamas and Monks of the four Great Orders.</subfield>
  </datafield>
  <datafield tag="260" ind1=" " ind2=" ">
    <subfield code="a">New York, N.Y. :</subfield>
    <subfield code="b">Lyrichord,</subfield>
    <subfield code="c">[198-?]</subfield>
  </datafield>
  <datafield tag="300" ind1=" " ind2=" ">
    <subfield code="a">1 sound disc :</subfield>
    <subfield code="b">digital, stereo. ;</subfield>
    <subfield code="c">4 3/4 in.</subfield>
  </datafield>
  <datafield tag="306" ind1=" " ind2=" ">
    <subfield code="a">001000</subfield>
    <subfield code="a">000235</subfield>
    <subfield code="a">000835</subfield>
    <subfield code="a">000610</subfield>
    <subfield code="a">001840</subfield>
  </datafield>
  <datafield tag="500" ind1=" " ind2=" ">
    <subfield code="a">Accompanied and unaccompanied chanting, choral and instrumental ritual music.</subfield>
  </datafield>
  <datafield tag="518" ind1=" " ind2=" ">
    <subfield code="a">Recorded on location, May-June, 1961, by Peter Crossley-Holland ; digitally remastered, 1990&apos;s (?).</subfield>
  </datafield>
  <datafield tag="500" ind1=" " ind2=" ">
    <subfield code="a">Issued also as analog discs (LLST 7181 and LL 181).</subfield>
  </datafield>
  <datafield tag="500" ind1=" " ind2=" ">
    <subfield code="a">Compact disc.</subfield>
  </datafield>
  <datafield tag="500" ind1=" " ind2=" ">
    <subfield code="a">Program notes by P. Crossley-Holland ([3] p.) inserted in container.</subfield>
  </datafield>
  <datafield tag="505" ind1="0" ind2=" ">
    <subfield code="a">Offering of the savior Gompo : chorus and orchestra (Gelugpa Order) (10:00) -- Invocations of Gompo : unacc. chant (Kagyupa Order) (2:35) -- A Buddhist prayer : unacc. chant (Gelugpa Order) (8:35) -- Offering to the guru Drakmar : chant and instrumental music (Nyingmapa Order) (6:10) -- Glorification of the past Buddha : unacc. chant (Sakyapa Order) (18:40).</subfield>
  </datafield>
  <datafield tag="650" ind1=" " ind2="0">
    <subfield code="a">Buddhist chants</subfield>
    <subfield code="z">China</subfield>
    <subfield code="z">Tibet Autonomous Region.</subfield>
  </datafield>
  <datafield tag="650" ind1=" " ind2="0">
    <subfield code="a">Music</subfield>
    <subfield code="z">China</subfield>
    <subfield code="z">Tibet Autonomous Region.</subfield>
  </datafield>
  <datafield tag="700" ind1="1" ind2=" ">
    <subfield code="a">Crossley-Holland, Peter,</subfield>
    <subfield code="d">1916-2001.</subfield>
  </datafield>
</record>