

<record xmlns="http://www.loc.gov/MARC21/slim"
xmlns:xsi="http://www.w3.org/2001/XMLSchema-instance"
xsi:schemaLocation="http://www.loc.gov/MARC21/slim
http://www.loc.gov/standards/marcxml/schema/MARC21slim.xsd">
  <leader>     cjm a2200457Ia 4500</leader>
  <controlfield tag="001">009522145-X</controlfield>
  <controlfield tag="005">20100106143127.0</controlfield>
  <controlfield tag="008">940601p199u1971nyufmn   dgi        tib d</controlfield>
  <datafield tag="024" ind1="1" ind2=" ">
    <subfield code="a">744457725825</subfield>
  </datafield>
  <datafield tag="028" ind1="0" ind2="2">
    <subfield code="a">LYRCD 7258</subfield>
    <subfield code="b">Lyrichord</subfield>
  </datafield>
  <datafield tag="033" ind1="0" ind2="0">
    <subfield code="a">1971----</subfield>
    <subfield code="b">7890</subfield>
  </datafield>
  <datafield tag="035" ind1="0" ind2=" ">
    <subfield code="a">ocm30584509</subfield>
  </datafield>
  <datafield tag="040" ind1=" " ind2=" ">
    <subfield code="a">PUL</subfield>
    <subfield code="c">PUL</subfield>
    <subfield code="d">OCL</subfield>
    <subfield code="d">OCLCQ</subfield>
    <subfield code="d">INU</subfield>
    <subfield code="d">OCLCG</subfield>
    <subfield code="d">DRB</subfield>
    <subfield code="d">HMU</subfield>
  </datafield>
  <datafield tag="041" ind1="0" ind2=" ">
    <subfield code="d">tib</subfield>
    <subfield code="e">eng</subfield>
    <subfield code="h">tib</subfield>
    <subfield code="g">eng</subfield>
  </datafield>
  <datafield tag="043" ind1=" " ind2=" ">
    <subfield code="a">a-bt---</subfield>
    <subfield code="a">a-cc-ti</subfield>
  </datafield>
  <datafield tag="050" ind1=" " ind2="4">
    <subfield code="a">M1824.T5</subfield>
    <subfield code="b">R8594 1990z</subfield>
  </datafield>
  <datafield tag="082" ind1=" " ind2="4">
    <subfield code="a">780.9515</subfield>
  </datafield>
  <datafield tag="245" ind1="0" ind2="0">
    <subfield code="a">Tibetan Bhuddist rites from the monasteries of Bhutan.</subfield>
    <subfield code="n">Vol. 4,</subfield>
    <subfield code="p">Tibetan &amp; Bhutanese instrumental &amp; folk music</subfield>
    <subfield code="h">[sound recording]</subfield>
  </datafield>
  <datafield tag="246" ind1="3" ind2=" ">
    <subfield code="a">Tibetan and Bhutanese instrumental and folk music</subfield>
  </datafield>
  <datafield tag="260" ind1=" " ind2=" ">
    <subfield code="a">New York, N.Y. :</subfield>
    <subfield code="b">Lyrichord,</subfield>
    <subfield code="c">[199-?]</subfield>
  </datafield>
  <datafield tag="300" ind1=" " ind2=" ">
    <subfield code="a">1 sound disc :</subfield>
    <subfield code="b">digital, stereo. ;</subfield>
    <subfield code="c">4 3/4 in.</subfield>
  </datafield>
  <datafield tag="490" ind1="1" ind2=" ">
    <subfield code="a">Lyrichord presents outstanding music from around the world</subfield>
  </datafield>
  <datafield tag="500" ind1=" " ind2=" ">
    <subfield code="a">Instrumental and folk music.</subfield>
  </datafield>
  <datafield tag="546" ind1=" " ind2=" ">
    <subfield code="a">Vocal works sung in Tibetan.</subfield>
  </datafield>
  <datafield tag="511" ind1="0" ind2=" ">
    <subfield code="a">Various instrumentalists and vocalists, including yak and cow herdsmen.</subfield>
  </datafield>
  <datafield tag="518" ind1=" " ind2=" ">
    <subfield code="a">Field recordings made in Bhutan by John Levy in 1971.</subfield>
  </datafield>
  <datafield tag="500" ind1=" " ind2=" ">
    <subfield code="a">Compact disc.</subfield>
  </datafield>
  <datafield tag="500" ind1=" " ind2=" ">
    <subfield code="a">English translations of texts by John Levy (except for text translations of 13th-14th works, by Michael Aris) and program notes by Levy ([11] p. : ill.) inserted in container.</subfield>
  </datafield>
  <datafield tag="505" ind1="0" ind2=" ">
    <subfield code="a">Tashi laso, at the top of Lucky Valley (3:44) -- Ada le o, in dongkar Chodren (in Tibet) (1:19) -- Tuning of the Bhutanese dramnyen (:32) -- Lhasa norbuling la : dramnyen solo (2:28) -- Dong lim [whistle flute] (1:38) -- Pilgrim&apos;s song (2:12) -- Gesar janglu jombe gang (2:21) -- Bem (4:57) -- The palaces of Gesar&apos;s family (2:02) -- Pawo : oracles&apos; song and dance (3:13) -- Tibetan dramnyen (3:50) -- Tibetan fiddle (1:42) -- Tshultrim namja (2:30) -- Ta pa kham bu ku shu sum la ga na (3:01) -- Chhokhor to pai zhe (1:57) -- Ura gi Ache Lhamo (1:42) -- Nubshe (5:02) -- Nubshem (1:55) -- Zhungdra (3:05) -- Ache Lhamo (2:04).</subfield>
  </datafield>
  <datafield tag="650" ind1=" " ind2="0">
    <subfield code="a">Tibetans</subfield>
    <subfield code="z">Bhutan</subfield>
    <subfield code="v">Music.</subfield>
  </datafield>
  <datafield tag="650" ind1=" " ind2="0">
    <subfield code="a">Musical instruments</subfield>
    <subfield code="z">Bhutan.</subfield>
  </datafield>
  <datafield tag="650" ind1=" " ind2="0">
    <subfield code="a">Musical instruments</subfield>
    <subfield code="z">China</subfield>
    <subfield code="z">Tibet Autonomous Region.</subfield>
  </datafield>
  <datafield tag="650" ind1=" " ind2="0">
    <subfield code="a">Folk music</subfield>
    <subfield code="z">Bhutan.</subfield>
  </datafield>
  <datafield tag="650" ind1=" " ind2="0">
    <subfield code="a">Folk songs, Tibetan</subfield>
    <subfield code="z">Bhutan.</subfield>
  </datafield>
  <datafield tag="650" ind1=" " ind2="0">
    <subfield code="a">Music</subfield>
    <subfield code="z">Bhutan.</subfield>
  </datafield>
  <datafield tag="700" ind1="1" ind2=" ">
    <subfield code="a">Levy, John,</subfield>
    <subfield code="d">1910-1976.</subfield>
  </datafield>
  <datafield tag="830" ind1=" " ind2="0">
    <subfield code="a">Lyrichord presents outstanding music from around the world.</subfield>
  </datafield>
</record>