

<record xmlns="http://www.loc.gov/MARC21/slim"
xmlns:xsi="http://www.w3.org/2001/XMLSchema-instance"
xsi:schemaLocation="http://www.loc.gov/MARC21/slim
http://www.loc.gov/standards/marcxml/schema/MARC21slim.xsd">
  <leader>     cjm a2200433Ia 4500</leader>
  <controlfield tag="001">009522148-4</controlfield>
  <controlfield tag="005">20100108152920.0</controlfield>
  <controlfield tag="008">940601p199u1971nyucbn   di         tib d</controlfield>
  <datafield tag="024" ind1="1" ind2=" ">
    <subfield code="a">744457725528</subfield>
  </datafield>
  <datafield tag="028" ind1="0" ind2="2">
    <subfield code="a">LYRCD 7255</subfield>
    <subfield code="b">Lyrichord</subfield>
  </datafield>
  <datafield tag="033" ind1="0" ind2="0">
    <subfield code="a">1971----</subfield>
    <subfield code="b">7890</subfield>
  </datafield>
  <datafield tag="035" ind1="0" ind2=" ">
    <subfield code="a">ocm30584458</subfield>
  </datafield>
  <datafield tag="040" ind1=" " ind2=" ">
    <subfield code="a">PUL</subfield>
    <subfield code="c">PUL</subfield>
    <subfield code="d">OCL</subfield>
    <subfield code="d">OCLCQ</subfield>
    <subfield code="d">INU</subfield>
    <subfield code="d">OCLCG</subfield>
    <subfield code="d">DRB</subfield>
    <subfield code="d">HMU</subfield>
  </datafield>
  <datafield tag="041" ind1="0" ind2=" ">
    <subfield code="d">tib</subfield>
    <subfield code="e">eng</subfield>
    <subfield code="h">tib</subfield>
    <subfield code="g">eng</subfield>
  </datafield>
  <datafield tag="043" ind1=" " ind2=" ">
    <subfield code="a">a-bt---</subfield>
    <subfield code="a">a-cc-ti</subfield>
  </datafield>
  <datafield tag="050" ind1=" " ind2="4">
    <subfield code="a">M1824.T5</subfield>
    <subfield code="b">R859 1990z</subfield>
  </datafield>
  <datafield tag="082" ind1=" " ind2="4">
    <subfield code="a">780.9515</subfield>
  </datafield>
  <datafield tag="245" ind1="0" ind2="0">
    <subfield code="a">Tibetan Buddhist rites from the monasteries of Bhutan.</subfield>
    <subfield code="n">Vol. 1,</subfield>
    <subfield code="p">Rituals of the Drukpa Order</subfield>
    <subfield code="h">[sound recording]</subfield>
  </datafield>
  <datafield tag="246" ind1="3" ind2="0">
    <subfield code="a">Rituals of the Drukpa Order</subfield>
  </datafield>
  <datafield tag="260" ind1=" " ind2=" ">
    <subfield code="a">New York, N.Y. :</subfield>
    <subfield code="b">Lyrichord,</subfield>
    <subfield code="c">[199-?]</subfield>
  </datafield>
  <datafield tag="300" ind1=" " ind2=" ">
    <subfield code="a">1 sound disc :</subfield>
    <subfield code="b">digital, stereo. ;</subfield>
    <subfield code="c">4 3/4 in.</subfield>
  </datafield>
  <datafield tag="440" ind1=" " ind2="0">
    <subfield code="a">Lyrichord presents outstanding music from around the world</subfield>
  </datafield>
  <datafield tag="511" ind1="0" ind2=" ">
    <subfield code="a">Tibetan monks of the Drukpa Order in Bhutan.</subfield>
  </datafield>
  <datafield tag="518" ind1=" " ind2=" ">
    <subfield code="a">Field recordings made in 1971 mostly at the monastery of Thimphu, Bhutan, by John Levy.</subfield>
  </datafield>
  <datafield tag="500" ind1=" " ind2=" ">
    <subfield code="a">Compact disc.</subfield>
  </datafield>
  <datafield tag="500" ind1=" " ind2=" ">
    <subfield code="a">Program notes and English translations of texts by John Levy ([11] p. : ill.) inserted in container.</subfield>
  </datafield>
  <datafield tag="505" ind1="0" ind2=" ">
    <subfield code="a">Genyen gi topa (2:34) -- Chham gi serkyem gi yang (1:16) -- Tashi tseringmai dzabkul (5:00) -- Dung chen. Gulgyen (1:28) ; Nyithu panglep (:39) -- Duchog Gonpoi chendran (2:59) -- Chakchen sondep (4:17) -- Tshetro jinbeb (2:58) -- Lama kusum gi sondep (3:51) -- Dewachen gi monlam (:56) -- Draumar chabdro sondep (1:09) -- Lamai tenzhug gi yang (1:07) -- Lay monk turns a large mani-wheel and recites a mantra (1:42) -- Nyungne (6:43) -- Bo go gyaling (1:30) -- Banga trin trin (3:71) -- Dung chen. Tashi (2:36).</subfield>
  </datafield>
  <datafield tag="650" ind1=" " ind2="0">
    <subfield code="a">Buddhist chants.</subfield>
  </datafield>
  <datafield tag="650" ind1=" " ind2="0">
    <subfield code="a">Buddhist music</subfield>
    <subfield code="z">China</subfield>
    <subfield code="z">Tibet Autonomous Region.</subfield>
  </datafield>
  <datafield tag="650" ind1=" " ind2="0">
    <subfield code="a">ʼBrug-pa (Sect)</subfield>
    <subfield code="x">Rituals.</subfield>
  </datafield>
  <datafield tag="650" ind1=" " ind2="0">
    <subfield code="a">Tibetans</subfield>
    <subfield code="z">Bhutan</subfield>
    <subfield code="v">Music.</subfield>
  </datafield>
  <datafield tag="650" ind1=" " ind2="0">
    <subfield code="a">Music</subfield>
    <subfield code="z">Bhutan.</subfield>
  </datafield>
  <datafield tag="700" ind1="1" ind2=" ">
    <subfield code="a">Levy, John,</subfield>
    <subfield code="d">1910-1976.</subfield>
  </datafield>
  <datafield tag="710" ind1="2" ind2=" ">
    <subfield code="a">Rta-mgo Monastery (Thimphu, Bhutan)</subfield>
  </datafield>
</record>