

<record xmlns="http://www.loc.gov/MARC21/slim"
xmlns:xsi="http://www.w3.org/2001/XMLSchema-instance"
xsi:schemaLocation="http://www.loc.gov/MARC21/slim
http://www.loc.gov/standards/marcxml/schema/MARC21slim.xsd">
  <leader>     cam a2200361Ia 4500</leader>
  <controlfield tag="001">009548373-X</controlfield>
  <controlfield tag="005">20060830112655.0</controlfield>
  <controlfield tag="008">990216s1993    cc       d    000 0 tibod</controlfield>
  <datafield tag="020" ind1=" " ind2=" ">
    <subfield code="a">754210120X</subfield>
  </datafield>
  <datafield tag="035" ind1="0" ind2=" ">
    <subfield code="a">ocm41046702</subfield>
  </datafield>
  <datafield tag="040" ind1=" " ind2=" ">
    <subfield code="a">ZCA</subfield>
    <subfield code="c">ZCA</subfield>
    <subfield code="d">IUL</subfield>
    <subfield code="d">HMY</subfield>
  </datafield>
  <datafield tag="041" ind1="0" ind2=" ">
    <subfield code="a">tibchi</subfield>
    <subfield code="g">eng</subfield>
  </datafield>
  <datafield tag="050" ind1=" " ind2="4">
    <subfield code="a">PL3651.A6</subfield>
    <subfield code="b">H825 1993</subfield>
  </datafield>
  <datafield tag="100" ind1="1" ind2=" ">
    <subfield code="6">880-01</subfield>
    <subfield code="a">Hua, Kan.</subfield>
  </datafield>
  <datafield tag="245" ind1="1" ind2="0">
    <subfield code="a">Bod Rgya śan sbyar gyi A-mdoʼi kha skad tshig mdzod =</subfield>
    <subfield code="b">Anduo Zang yu kou yu ci dian /</subfield>
    <subfield code="c">Hua Kan, Long Bojia bian zhu.</subfield>
  </datafield>
  <datafield tag="246" ind1="3" ind2="1">
    <subfield code="6">880-02</subfield>
    <subfield code="a">Anduo Zang yu kou yu ci dian</subfield>
  </datafield>
  <datafield tag="250" ind1=" " ind2=" ">
    <subfield code="6">880-03</subfield>
    <subfield code="a">1. par theṅs</subfield>
  </datafield>
  <datafield tag="260" ind1=" " ind2=" ">
    <subfield code="6">880-04</subfield>
    <subfield code="a">Lanzhou :</subfield>
    <subfield code="b">Gansu min zu chu ban she,</subfield>
    <subfield code="c">[1993].</subfield>
  </datafield>
  <datafield tag="300" ind1=" " ind2=" ">
    <subfield code="a">13, 642 p. ;</subfield>
    <subfield code="c">21 cm.</subfield>
  </datafield>
  <datafield tag="546" ind1=" " ind2=" ">
    <subfield code="a">In Tibetan and Chinese; synopsis in English.</subfield>
  </datafield>
  <datafield tag="650" ind1=" " ind2="0">
    <subfield code="a">Amdo dialect</subfield>
    <subfield code="v">Dictionaries</subfield>
    <subfield code="x">Tibetan.</subfield>
  </datafield>
  <datafield tag="650" ind1=" " ind2="0">
    <subfield code="a">Amdo dialect</subfield>
    <subfield code="v">Dictionaries</subfield>
    <subfield code="x">Chinese.</subfield>
  </datafield>
  <datafield tag="700" ind1="1" ind2=" ">
    <subfield code="a">Klu-ʼbum-rgyal.</subfield>
  </datafield>
  <datafield tag="880" ind1="1" ind2=" ">
    <subfield code="6">100-01</subfield>
    <subfield code="a">华侃.</subfield>
  </datafield>
  <datafield tag="880" ind1="3" ind2="1">
    <subfield code="6">246-02</subfield>
    <subfield code="a">安多藏语口语词典</subfield>
  </datafield>
  <datafield tag="880" ind1=" " ind2=" ">
    <subfield code="6">250-03</subfield>
    <subfield code="a">第1版.</subfield>
  </datafield>
  <datafield tag="880" ind1=" " ind2=" ">
    <subfield code="6">260-04</subfield>
    <subfield code="a">兰州 :</subfield>
    <subfield code="b">甘肃民族出版社,</subfield>
    <subfield code="c">[1993].</subfield>
  </datafield>
  <datafield tag="049" ind1=" " ind2=" ">
    <subfield code="a">HMYC</subfield>
    <subfield code="o">d</subfield>
  </datafield>
  <datafield tag="987" ind1=" " ind2=" ">
    <subfield code="a">PINYIN</subfield>
    <subfield code="b">OCoLC</subfield>
    <subfield code="c">20011002</subfield>
    <subfield code="d">c</subfield>
    <subfield code="e">09.30.2001</subfield>
    <subfield code="f">100-a Not AC match but WG / 245-a NON-CHI ACCESS / 245-c NON-CHI CONVRT / 700-a Not AC match but WG /</subfield>
  </datafield>
</record>