

<record xmlns="http://www.loc.gov/MARC21/slim"
xmlns:xsi="http://www.w3.org/2001/XMLSchema-instance"
xsi:schemaLocation="http://www.loc.gov/MARC21/slim
http://www.loc.gov/standards/marcxml/schema/MARC21slim.xsd">
  <leader>     cam a22002535i 4500</leader>
  <controlfield tag="001">009584796-0</controlfield>
  <controlfield tag="005">20100907114228.0</controlfield>
  <controlfield tag="008">801021s2004    nyu           000 0 tibo</controlfield>
  <datafield tag="100" ind1="0" ind2=" ">
    <subfield code="a">Padma-chos-rgyal,</subfield>
    <subfield code="c">ʾKhrul-źig,</subfield>
    <subfield code="d">1876-1958.</subfield>
  </datafield>
  <datafield tag="245" ind1="1" ind2="0">
    <subfield code="a">Rtsib-ri spar-ma</subfield>
    <subfield code="h">[CD-Rom] :</subfield>
    <subfield code="b">the collected instructional material on the practice of the teachings of the Dkar-brgyud-pa and Rdzogs-chen traditions /</subfield>
    <subfield code="c">collected and arranged into a coherent structure and carved on to xylographic blocks at La-stod Rtsib-ri from 1934 through about 1958 by La-dwags Khrid-dpon ʾKhrul-źig Padma-chos-rgyal.</subfield>
  </datafield>
  <datafield tag="250" ind1=" " ind2=" ">
    <subfield code="a">Digitized edition derived from 30 volume printing published in Darjeeling by Kargyud Sungrab Nyamso Khang, 1975-1985.</subfield>
  </datafield>
  <datafield tag="260" ind1=" " ind2=" ">
    <subfield code="a">New York :</subfield>
    <subfield code="b">TBRC,</subfield>
    <subfield code="c">[2004?].</subfield>
  </datafield>
  <datafield tag="500" ind1=" " ind2=" ">
    <subfield code="a">In Tibetan; pref. in English.</subfield>
  </datafield>
  <datafield tag="500" ind1=" " ind2=" ">
    <subfield code="a">Title on boards: Dkar Rñiṅ gi skyes chen du maʾi Phyag Rdzogs kyi gdams ṅag gnad bsdus ñer mkho rin po cheʾi gter mdzod Rtsibs-riʾi par ma.</subfield>
  </datafield>
  <datafield tag="500" ind1=" " ind2=" ">
    <subfield code="a">&quot;Reproduced from a set of the prints from the Rtsib-ri blocks.&quot;</subfield>
  </datafield>
  <datafield tag="650" ind1=" " ind2="0">
    <subfield code="a">Bkaʾ-rgyud-pa (Sect)</subfield>
    <subfield code="x">Rituals.</subfield>
  </datafield>
  <datafield tag="650" ind1=" " ind2="0">
    <subfield code="a">Rdzogs-chen.</subfield>
  </datafield>
  <datafield tag="740" ind1="0" ind2="1">
    <subfield code="a">Dkar Rñiṅ gi skyes chen du maʾi Phyag Rdzogs kyi gdams ṅag gnad bsdus ñer mkho rin po cheʾi gter mdzod Rtsibs-riʾi par ma.</subfield>
  </datafield>
</record>