

<record xmlns="http://www.loc.gov/MARC21/slim"
xmlns:xsi="http://www.w3.org/2001/XMLSchema-instance"
xsi:schemaLocation="http://www.loc.gov/MARC21/slim
http://www.loc.gov/standards/marcxml/schema/MARC21slim.xsd">
  <leader>     nam a2200289 a 4500</leader>
  <controlfield tag="001">009650490-0</controlfield>
  <controlfield tag="005">20051018094035.0</controlfield>
  <controlfield tag="008">050426s2004    au       b    000 0 tiboc</controlfield>
  <datafield tag="035" ind1="0" ind2=" ">
    <subfield code="a">ocm59667818</subfield>
  </datafield>
  <datafield tag="040" ind1=" " ind2=" ">
    <subfield code="a">IUL</subfield>
    <subfield code="c">IUL</subfield>
  </datafield>
  <datafield tag="041" ind1="0" ind2=" ">
    <subfield code="a">tib</subfield>
    <subfield code="g">eng</subfield>
  </datafield>
  <datafield tag="042" ind1=" " ind2=" ">
    <subfield code="a">pcc</subfield>
  </datafield>
  <datafield tag="050" ind1=" " ind2="4">
    <subfield code="a">BC25</subfield>
    <subfield code="b">.G96 2004</subfield>
  </datafield>
  <datafield tag="100" ind1="0" ind2=" ">
    <subfield code="a">Gźon-nu-seṅ-ge,</subfield>
    <subfield code="c">Mtshur-ston,</subfield>
    <subfield code="d">approximately 1150-approximately 1210.</subfield>
  </datafield>
  <datafield tag="245" ind1="1" ind2="0">
    <subfield code="a">Tshad ma śes rab sgron ma =</subfield>
    <subfield code="b">Tshad ma shes rab sgron ma /</subfield>
    <subfield code="c">Mtshur-ston Gźon-nu-seṅ-ge ; edited by Pascale Hugon.</subfield>
  </datafield>
  <datafield tag="246" ind1="3" ind2="1">
    <subfield code="a">Tshad ma shes rab sgron ma</subfield>
  </datafield>
  <datafield tag="260" ind1=" " ind2=" ">
    <subfield code="a">Wien :</subfield>
    <subfield code="b">Arbeitskreis für Tibetische und Buddhistiche Studien,</subfield>
    <subfield code="c">2004.</subfield>
  </datafield>
  <datafield tag="300" ind1=" " ind2=" ">
    <subfield code="a">xxxi, 364 p. ;</subfield>
    <subfield code="c">24 cm.</subfield>
  </datafield>
  <datafield tag="440" ind1=" " ind2="0">
    <subfield code="a">Wiener Studien zur Tibetologie und Buddhismuskunde ;</subfield>
    <subfield code="v">Heft 60</subfield>
  </datafield>
  <datafield tag="546" ind1=" " ind2=" ">
    <subfield code="a">In Tibetan</subfield>
    <subfield code="b">(Tibetan script); pref. matter in English.</subfield>
  </datafield>
  <datafield tag="504" ind1=" " ind2=" ">
    <subfield code="a">Includes bibliographical references (p. [xxvii]-xxxi).</subfield>
  </datafield>
  <datafield tag="650" ind1=" " ind2="0">
    <subfield code="a">Buddhist logic</subfield>
    <subfield code="v">Early works to 1800.</subfield>
  </datafield>
  <datafield tag="600" ind1="0" ind2="0">
    <subfield code="a">Dharmakīrti,</subfield>
    <subfield code="d">active 7th century</subfield>
    <subfield code="x">Teachings.</subfield>
  </datafield>
  <datafield tag="650" ind1=" " ind2="0">
    <subfield code="a">Tibetan language</subfield>
    <subfield code="v">Texts.</subfield>
  </datafield>
  <datafield tag="700" ind1="1" ind2=" ">
    <subfield code="a">Hugon, Pascale.</subfield>
  </datafield>
  <datafield tag="049" ind1=" " ind2=" ">
    <subfield code="a">HLSS</subfield>
  </datafield>
</record>