

<record xmlns="http://www.loc.gov/MARC21/slim"
xmlns:xsi="http://www.w3.org/2001/XMLSchema-instance"
xsi:schemaLocation="http://www.loc.gov/MARC21/slim
http://www.loc.gov/standards/marcxml/schema/MARC21slim.xsd">
  <leader>     cam a2200397 a 4500</leader>
  <controlfield tag="001">009650501-X</controlfield>
  <controlfield tag="005">20061211092542.0</controlfield>
  <controlfield tag="008">050311s2004    ch c     b    000 0btiboc</controlfield>
  <datafield tag="020" ind1=" " ind2=" ">
    <subfield code="a">3902501006 (pbk.)</subfield>
  </datafield>
  <datafield tag="020" ind1=" " ind2=" ">
    <subfield code="a">9783902501004 (pbk.)</subfield>
  </datafield>
  <datafield tag="035" ind1="0" ind2=" ">
    <subfield code="a">ocm58467612</subfield>
  </datafield>
  <datafield tag="040" ind1=" " ind2=" ">
    <subfield code="a">OHX</subfield>
    <subfield code="c">OHX</subfield>
    <subfield code="d">IUL</subfield>
    <subfield code="d">NLGGC</subfield>
    <subfield code="d">STF</subfield>
  </datafield>
  <datafield tag="041" ind1="0" ind2=" ">
    <subfield code="a">tib</subfield>
    <subfield code="a">eng</subfield>
  </datafield>
  <datafield tag="042" ind1=" " ind2=" ">
    <subfield code="a">pcc</subfield>
  </datafield>
  <datafield tag="050" ind1=" " ind2="4">
    <subfield code="a">BQ942.L66</subfield>
    <subfield code="b">B56 2004</subfield>
  </datafield>
  <datafield tag="084" ind1=" " ind2=" ">
    <subfield code="a">18.85</subfield>
    <subfield code="2">bcl</subfield>
  </datafield>
  <datafield tag="100" ind1="0" ind2=" ">
    <subfield code="a">Blo-gros-ʼbyuṅ-gnas,</subfield>
    <subfield code="c">Gro-luṅ-pa,</subfield>
    <subfield code="d">active 11th century-12th century.</subfield>
  </datafield>
  <datafield tag="240" ind1="1" ind2="0">
    <subfield code="a">ʼJig-rten Mig-gcig Blo-ldan-śes-rab kyi rnam thar</subfield>
  </datafield>
  <datafield tag="245" ind1="1" ind2="0">
    <subfield code="a">Biography of Blo ldan śes rab :</subfield>
    <subfield code="b">The unique eye of the world /</subfield>
    <subfield code="c">by Gro luṅ pa Blo gros &apos;byuṅ gnas ; edited by Dram Dul.</subfield>
  </datafield>
  <datafield tag="246" ind1="3" ind2="0">
    <subfield code="a">Unique eye of the world</subfield>
  </datafield>
  <datafield tag="260" ind1=" " ind2=" ">
    <subfield code="a">Beijing :</subfield>
    <subfield code="b">China Tibetology Research Center ;</subfield>
    <subfield code="a">Wien :</subfield>
    <subfield code="b">Arbeitskreis für tibetische und buddhistische Studien Universität Wien,</subfield>
    <subfield code="c">2004.</subfield>
  </datafield>
  <datafield tag="300" ind1=" " ind2=" ">
    <subfield code="a">xxx, 80 p. :</subfield>
    <subfield code="b">col port. ;</subfield>
    <subfield code="c">24 cm.</subfield>
  </datafield>
  <datafield tag="440" ind1=" " ind2="0">
    <subfield code="a">Wiener Studien zur Tibetologie und Buddhismuskunde ;</subfield>
    <subfield code="v">Heft 61</subfield>
  </datafield>
  <datafield tag="546" ind1=" " ind2=" ">
    <subfield code="a">In Tibetan; pref. in English.</subfield>
  </datafield>
  <datafield tag="500" ind1=" " ind2=" ">
    <subfield code="a">&quot;The xylograph compared with a Bhutanese manuscript, Bdag-ñid-chen-po Rṅog Lo-tsa-baʼi rnam par thar pa.&quot;</subfield>
  </datafield>
  <datafield tag="504" ind1=" " ind2=" ">
    <subfield code="a">Includes bibliographical references (p. [77]-80).</subfield>
  </datafield>
  <datafield tag="600" ind1="0" ind2="0">
    <subfield code="a">Blo-ldan-śes-rab,</subfield>
    <subfield code="c">Rṅog Lo-tsa-ba,</subfield>
    <subfield code="d">1059-1109.</subfield>
  </datafield>
  <datafield tag="650" ind1=" " ind2="0">
    <subfield code="a">Sa-skya-pa lamas</subfield>
    <subfield code="z">China</subfield>
    <subfield code="z">Tibet Autonomous Region</subfield>
    <subfield code="v">Biography.</subfield>
  </datafield>
  <datafield tag="650" ind1=" " ind2="0">
    <subfield code="a">Bkaʼ-gdams-pa lamas</subfield>
    <subfield code="z">China</subfield>
    <subfield code="z">Tibet Autonomous Region</subfield>
    <subfield code="v">Biography.</subfield>
  </datafield>
  <datafield tag="650" ind1=" " ind2="0">
    <subfield code="a">Tibetan language</subfield>
    <subfield code="v">Texts.</subfield>
  </datafield>
  <datafield tag="650" ind1="1" ind2="7">
    <subfield code="a">Tibetaans.</subfield>
    <subfield code="2">gtt</subfield>
  </datafield>
  <datafield tag="700" ind1="0" ind2=" ">
    <subfield code="a">Dram Dul.</subfield>
  </datafield>
  <datafield tag="049" ind1=" " ind2=" ">
    <subfield code="a">HLSS</subfield>
  </datafield>
</record>