

<record xmlns="http://www.loc.gov/MARC21/slim"
xmlns:xsi="http://www.w3.org/2001/XMLSchema-instance"
xsi:schemaLocation="http://www.loc.gov/MARC21/slim
http://www.loc.gov/standards/marcxml/schema/MARC21slim.xsd">
  <leader>     ngm a2200385Ia 4500</leader>
  <controlfield tag="001">009759383-4</controlfield>
  <controlfield tag="005">20051017145131.0</controlfield>
  <controlfield tag="008">031119s2001    gw 140            vltib d</controlfield>
  <datafield tag="024" ind1="1" ind2=" ">
    <subfield code="a">4006680026817</subfield>
  </datafield>
  <datafield tag="028" ind1="4" ind2="2">
    <subfield code="a">500468</subfield>
    <subfield code="b">Arthaus</subfield>
  </datafield>
  <datafield tag="035" ind1="0" ind2=" ">
    <subfield code="a">ocm53461790</subfield>
  </datafield>
  <datafield tag="041" ind1="1" ind2=" ">
    <subfield code="a">tib</subfield>
    <subfield code="b">ger</subfield>
  </datafield>
  <datafield tag="245" ind1="0" ind2="0">
    <subfield code="6">880-01</subfield>
    <subfield code="a">Se jie</subfield>
    <subfield code="h">[videorecording] =</subfield>
    <subfield code="b">Samsara /</subfield>
    <subfield code="c">Pandora Film Produktion in co-production with Paradis Film, Fandango ; a Pan Nalin film ; written by Pan Nalin, Tim Baker.</subfield>
  </datafield>
  <datafield tag="246" ind1="1" ind2="3">
    <subfield code="i">Title from container:</subfield>
    <subfield code="a">Samsara :</subfield>
    <subfield code="b">Geist und Leidenschaft.</subfield>
  </datafield>
  <datafield tag="260" ind1=" " ind2=" ">
    <subfield code="a">Köln :</subfield>
    <subfield code="b">Pandora Film,</subfield>
    <subfield code="c">2001.</subfield>
  </datafield>
  <datafield tag="300" ind1=" " ind2=" ">
    <subfield code="a">1 videodisc (140 min.) :</subfield>
    <subfield code="b">sd., col. ;</subfield>
    <subfield code="c">4 3/4 in.</subfield>
  </datafield>
  <datafield tag="538" ind1=" " ind2=" ">
    <subfield code="a">DVD; Region 2; PAL.</subfield>
  </datafield>
  <datafield tag="546" ind1=" " ind2=" ">
    <subfield code="a">In Tibetan with optional German soundtrack and German subtitles.</subfield>
  </datafield>
  <datafield tag="500" ind1=" " ind2=" ">
    <subfield code="a">Includes behind the scenes and the making of.</subfield>
  </datafield>
  <datafield tag="511" ind1="1" ind2=" ">
    <subfield code="a">Andrew Leung, Christy Chung.</subfield>
  </datafield>
  <datafield tag="508" ind1=" " ind2=" ">
    <subfield code="a">Music, Cyril Morin ; editor, Isabel Meier ; cinematographer, Christo Bakalov ; art director, Emma Pucci.</subfield>
  </datafield>
  <datafield tag="520" ind1=" " ind2=" ">
    <subfield code="a">In the majestic setting of the Himalayas, the brilliant young monk Tashi returns to the world after three years of solitary meditation in a remote hermitage. At a harvest festival he meets the beautiful Pema, and chooses to quit monastic life for the challenges and wonders of the wider world.</subfield>
  </datafield>
  <datafield tag="655" ind1=" " ind2="0">
    <subfield code="a">Feature films</subfield>
    <subfield code="z">Germany.</subfield>
  </datafield>
  <datafield tag="651" ind1=" " ind2="0">
    <subfield code="a">Tibet Autonomous Region (China)</subfield>
    <subfield code="x">In motion pictures.</subfield>
  </datafield>
  <datafield tag="655" ind1=" " ind2="0">
    <subfield code="a">DVD-Video discs.</subfield>
  </datafield>
  <datafield tag="700" ind1="1" ind2=" ">
    <subfield code="a">Nalin, Pan.</subfield>
  </datafield>
  <datafield tag="700" ind1="1" ind2=" ">
    <subfield code="a">Leung, Andrew.</subfield>
  </datafield>
  <datafield tag="700" ind1="1" ind2=" ">
    <subfield code="a">Chung, Christy</subfield>
    <subfield code="d">1970-</subfield>
  </datafield>
  <datafield tag="700" ind1="1" ind2=" ">
    <subfield code="a">Hasbrouk, Vivian.</subfield>
  </datafield>
  <datafield tag="700" ind1="1" ind2=" ">
    <subfield code="a">Baker, Tim.</subfield>
  </datafield>
  <datafield tag="710" ind1="2" ind2=" ">
    <subfield code="a">Pandora Film (Firm).</subfield>
  </datafield>
  <datafield tag="880" ind1="0" ind2="0">
    <subfield code="6">245-01</subfield>
    <subfield code="a">色戒</subfield>
    <subfield code="h">[videorecording] =</subfield>
    <subfield code="b">Samsara /</subfield>
    <subfield code="c">Pandora Film Produktion in co-production with Paradis Film, Fandango ; a Pan Nalin film ; written by Pan Nalin, Tim Baker.</subfield>
  </datafield>
  <datafield tag="987" ind1=" " ind2=" ">
    <subfield code="a">PINYIN</subfield>
    <subfield code="b">CU-S</subfield>
    <subfield code="d">c</subfield>
  </datafield>
</record>