

<record xmlns="http://www.loc.gov/MARC21/slim"
xmlns:xsi="http://www.w3.org/2001/XMLSchema-instance"
xsi:schemaLocation="http://www.loc.gov/MARC21/slim
http://www.loc.gov/standards/marcxml/schema/MARC21slim.xsd">
  <leader>     nam a2200385Ia 4500</leader>
  <controlfield tag="001">009817920-9</controlfield>
  <controlfield tag="005">20051129153039.0</controlfield>
  <controlfield tag="008">001227s1990    cc            000 0btib d</controlfield>
  <datafield tag="020" ind1=" " ind2=" ">
    <subfield code="a">7542100416</subfield>
  </datafield>
  <datafield tag="035" ind1="0" ind2=" ">
    <subfield code="a">ocm45628197</subfield>
  </datafield>
  <datafield tag="040" ind1=" " ind2=" ">
    <subfield code="a">CVU</subfield>
    <subfield code="c">CVU</subfield>
    <subfield code="d">HMY</subfield>
  </datafield>
  <datafield tag="050" ind1="0" ind2="0">
    <subfield code="a">BQ966.A44</subfield>
    <subfield code="b">G86 1990</subfield>
  </datafield>
  <datafield tag="100" ind1="0" ind2=" ">
    <subfield code="6">880-01</subfield>
    <subfield code="a">Gongquedanbaizhuomei,</subfield>
    <subfield code="c">Gung-thang.</subfield>
  </datafield>
  <datafield tag="245" ind1="1" ind2="0">
    <subfield code="6">880-02</subfield>
    <subfield code="a">Di er shi Jiamuyangxieba Jiumeiwangbu zhuan /</subfield>
    <subfield code="c">Gongtang Gongquedanbaizhuomei zhu.</subfield>
  </datafield>
  <datafield tag="250" ind1=" " ind2=" ">
    <subfield code="6">880-03</subfield>
    <subfield code="a">Di 1 ban.</subfield>
  </datafield>
  <datafield tag="260" ind1=" " ind2=" ">
    <subfield code="6">880-04</subfield>
    <subfield code="a">Lanzhou :</subfield>
    <subfield code="b">Gansu min zu chu ban she,</subfield>
    <subfield code="c">1990.</subfield>
  </datafield>
  <datafield tag="300" ind1=" " ind2=" ">
    <subfield code="a">2, 4, 2, 499 p. ;</subfield>
    <subfield code="c">21 cm.</subfield>
  </datafield>
  <datafield tag="440" ind1=" " ind2="0">
    <subfield code="6">880-05</subfield>
    <subfield code="a">Gansu shao shu min zu gu ji xue yu gao seng zhuan cong shu</subfield>
  </datafield>
  <datafield tag="500" ind1=" " ind2=" ">
    <subfield code="6">880-06</subfield>
    <subfield code="a">Zhu lu ju ban quan ye.</subfield>
  </datafield>
  <datafield tag="546" ind1=" " ind2=" ">
    <subfield code="6">880-07</subfield>
    <subfield code="a">Quan shu Zang wen.</subfield>
  </datafield>
  <datafield tag="600" ind1="0" ind2="0">
    <subfield code="6">880-08</subfield>
    <subfield code="a">Jiumeiwangbu</subfield>
    <subfield code="c">Vjam-dbyngs-bzhad-pa II.</subfield>
  </datafield>
  <datafield tag="650" ind1=" " ind2="0">
    <subfield code="a">Priest, Buddhist</subfield>
    <subfield code="z">China</subfield>
    <subfield code="z">Tibet Autonomous Region</subfield>
    <subfield code="v">Biography.</subfield>
  </datafield>
  <datafield tag="880" ind1="0" ind2=" ">
    <subfield code="6">100-01</subfield>
    <subfield code="a">贡却丹白卓美,</subfield>
    <subfield code="c">Gung-thang.</subfield>
  </datafield>
  <datafield tag="880" ind1="1" ind2="0">
    <subfield code="6">245-02</subfield>
    <subfield code="a">第二世嘉木样协巴・久美旺布传 /</subfield>
    <subfield code="c">贡唐・贡却丹白卓美著.</subfield>
  </datafield>
  <datafield tag="880" ind1=" " ind2=" ">
    <subfield code="6">250-03</subfield>
    <subfield code="a">第1版.</subfield>
  </datafield>
  <datafield tag="880" ind1=" " ind2=" ">
    <subfield code="6">260-04</subfield>
    <subfield code="a">兰州 :</subfield>
    <subfield code="b">甘肃民族出版社,</subfield>
    <subfield code="c">1990.</subfield>
  </datafield>
  <datafield tag="880" ind1=" " ind2="0">
    <subfield code="6">440-05</subfield>
    <subfield code="a">甘肃少数民族古籍雪域高僧传丛书</subfield>
  </datafield>
  <datafield tag="880" ind1=" " ind2=" ">
    <subfield code="6">500-06</subfield>
    <subfield code="a">著錄據版權頁.</subfield>
  </datafield>
  <datafield tag="880" ind1=" " ind2=" ">
    <subfield code="6">546-07</subfield>
    <subfield code="a">全書藏文.</subfield>
  </datafield>
  <datafield tag="880" ind1="0" ind2="4">
    <subfield code="6">600-08</subfield>
    <subfield code="a">久美旺布</subfield>
    <subfield code="c">Vjam-dbyngs-bzhad-pa II.</subfield>
  </datafield>
  <datafield tag="987" ind1=" " ind2=" ">
    <subfield code="a">PINYIN</subfield>
    <subfield code="b">CVU</subfield>
    <subfield code="d">c</subfield>
  </datafield>
</record>