

<record xmlns="http://www.loc.gov/MARC21/slim"
xmlns:xsi="http://www.w3.org/2001/XMLSchema-instance"
xsi:schemaLocation="http://www.loc.gov/MARC21/slim
http://www.loc.gov/standards/marcxml/schema/MARC21slim.xsd">
  <leader>     nam a2200349Ia 4500</leader>
  <controlfield tag="001">009818162-9</controlfield>
  <controlfield tag="005">20051129164544.0</controlfield>
  <controlfield tag="008">840808s1980    cc            000 0 tibod</controlfield>
  <datafield tag="020" ind1=" " ind2=" ">
    <subfield code="c">RMBYO.52</subfield>
  </datafield>
  <datafield tag="035" ind1="0" ind2=" ">
    <subfield code="a">ocm11033143</subfield>
  </datafield>
  <datafield tag="040" ind1=" " ind2=" ">
    <subfield code="a">IUL</subfield>
    <subfield code="c">IUL</subfield>
    <subfield code="d">HMY</subfield>
  </datafield>
  <datafield tag="041" ind1="1" ind2=" ">
    <subfield code="a">chitib</subfield>
    <subfield code="h">tib</subfield>
  </datafield>
  <datafield tag="043" ind1=" " ind2=" ">
    <subfield code="a">a-cc-ti</subfield>
  </datafield>
  <datafield tag="245" ind1="0" ind2="0">
    <subfield code="a">Bod rigs kyi gtam dpe /</subfield>
    <subfield code="c">sdud sgrig daṅ yig sgyur byas mkhan: Thuṅ-ciṅ-hwa, Kroṅ-cin, Skal-bzaṅ-don-ʾgrub.</subfield>
  </datafield>
  <datafield tag="246" ind1="3" ind2=" ">
    <subfield code="6">880-01</subfield>
    <subfield code="a">Zang zu yan yu</subfield>
  </datafield>
  <datafield tag="260" ind1=" " ind2=" ">
    <subfield code="a">[Chengdu] :</subfield>
    <subfield code="b">Si-khron Mi-rigs-dpe-skrun-khaṅ,</subfield>
    <subfield code="c">1980.</subfield>
  </datafield>
  <datafield tag="300" ind1=" " ind2=" ">
    <subfield code="a">155 p. ;</subfield>
    <subfield code="c">21 cm.</subfield>
  </datafield>
  <datafield tag="500" ind1=" " ind2=" ">
    <subfield code="a">In Chinese and Tibetan; publisher&apos;s note in Chinese.</subfield>
  </datafield>
  <datafield tag="500" ind1=" " ind2=" ">
    <subfield code="a">Added title in Chinese: Zang zu yan yu.</subfield>
  </datafield>
  <datafield tag="650" ind1=" " ind2="0">
    <subfield code="a">Proverbs, Tibetan.</subfield>
  </datafield>
  <datafield tag="650" ind1=" " ind2="0">
    <subfield code="a">Tibetan language</subfield>
    <subfield code="x">Texts.</subfield>
  </datafield>
  <datafield tag="700" ind1="0" ind2=" ">
    <subfield code="a">Kroṅ-cin.</subfield>
  </datafield>
  <datafield tag="700" ind1="1" ind2=" ">
    <subfield code="a">Tʻung, Chin-hua.</subfield>
  </datafield>
  <datafield tag="700" ind1="0" ind2=" ">
    <subfield code="a">Skal-bzaṅ-don-ʾgrub.</subfield>
  </datafield>
  <datafield tag="740" ind1="0" ind2="1">
    <subfield code="a">Zang zu yan yu.</subfield>
  </datafield>
  <datafield tag="880" ind1="3" ind2=" ">
    <subfield code="6">246-01</subfield>
    <subfield code="a">藏族谚语</subfield>
  </datafield>
  <datafield tag="049" ind1=" " ind2=" ">
    <subfield code="a">HMYH</subfield>
    <subfield code="o">d</subfield>
  </datafield>
  <datafield tag="987" ind1=" " ind2=" ">
    <subfield code="a">PINYIN</subfield>
    <subfield code="b">OCoLC</subfield>
    <subfield code="c">20011002</subfield>
    <subfield code="d">c</subfield>
    <subfield code="e">09.30.2001</subfield>
    <subfield code="f">700-a Not AC match but WG / 740-a NON-CHI ACCESS /</subfield>
  </datafield>
</record>