

<record xmlns="http://www.loc.gov/MARC21/slim"
xmlns:xsi="http://www.w3.org/2001/XMLSchema-instance"
xsi:schemaLocation="http://www.loc.gov/MARC21/slim
http://www.loc.gov/standards/marcxml/schema/MARC21slim.xsd">
  <leader>     cam a2200349Ia 4500</leader>
  <controlfield tag="001">010000956-5</controlfield>
  <controlfield tag="005">20070516130019.0</controlfield>
  <controlfield tag="008">060405s2006    ja af    b    000 0 tib d</controlfield>
  <datafield tag="020" ind1=" " ind2=" ">
    <subfield code="a">4901906380</subfield>
  </datafield>
  <datafield tag="035" ind1="0" ind2=" ">
    <subfield code="a">ocm65490241</subfield>
  </datafield>
  <datafield tag="040" ind1=" " ind2=" ">
    <subfield code="a">LWU</subfield>
    <subfield code="c">LWU</subfield>
    <subfield code="d">CUY</subfield>
    <subfield code="d">TOZ</subfield>
  </datafield>
  <datafield tag="041" ind1="0" ind2=" ">
    <subfield code="a">tib</subfield>
    <subfield code="b">eng</subfield>
    <subfield code="f">eng</subfield>
  </datafield>
  <datafield tag="043" ind1=" " ind2=" ">
    <subfield code="a">a-cc-ti</subfield>
  </datafield>
  <datafield tag="050" ind1="0" ind2="0">
    <subfield code="a">ND1046.T5</subfield>
    <subfield code="b">B66 2006</subfield>
  </datafield>
  <datafield tag="090" ind1=" " ind2=" ">
    <subfield code="a">ND1046.T5</subfield>
    <subfield code="b">B66 2006</subfield>
  </datafield>
  <datafield tag="245" ind1="0" ind2="0">
    <subfield code="a">Bonpo Thangkas from Khyungpo /</subfield>
    <subfield code="c">edited by Tenpa Yungdrung ... [et al.].</subfield>
  </datafield>
  <datafield tag="260" ind1=" " ind2=" ">
    <subfield code="6">880-01</subfield>
    <subfield code="a">Suita-shi :</subfield>
    <subfield code="b">Kokuritsu Minzokugaku Hakubutsukan,</subfield>
    <subfield code="c">2006.</subfield>
  </datafield>
  <datafield tag="300" ind1=" " ind2=" ">
    <subfield code="a">xvi, 343 p., 52 p. of plates :</subfield>
    <subfield code="b">ill. (some col.) ;</subfield>
    <subfield code="c">26 cm.</subfield>
  </datafield>
  <datafield tag="440" ind1=" " ind2="0">
    <subfield code="a">Senri ethnological reports,</subfield>
    <subfield code="x">1340-6787 ;</subfield>
    <subfield code="v">60</subfield>
  </datafield>
  <datafield tag="490" ind1="1" ind2=" ">
    <subfield code="a">Bon studies ;</subfield>
    <subfield code="v">10</subfield>
  </datafield>
  <datafield tag="546" ind1=" " ind2=" ">
    <subfield code="a">Text in Tibetan; preface, table of contents and introduction in English; colophon in Japanese.</subfield>
  </datafield>
  <datafield tag="504" ind1=" " ind2=" ">
    <subfield code="a">Includes bibliographical references (p. vi-viii).</subfield>
  </datafield>
  <datafield tag="650" ind1=" " ind2="0">
    <subfield code="a">Tankas (Tibetan scrolls)</subfield>
  </datafield>
  <datafield tag="650" ind1=" " ind2="0">
    <subfield code="a">Bon gods.</subfield>
  </datafield>
  <datafield tag="650" ind1=" " ind2="0">
    <subfield code="a">Bon symbolism.</subfield>
  </datafield>
  <datafield tag="650" ind1=" " ind2="0">
    <subfield code="a">Bon art.</subfield>
  </datafield>
  <datafield tag="650" ind1=" " ind2="0">
    <subfield code="a">Bon (Tibetan religion)</subfield>
  </datafield>
  <datafield tag="700" ind1="0" ind2=" ">
    <subfield code="a">Tenpa Yungdrung.</subfield>
  </datafield>
  <datafield tag="880" ind1=" " ind2=" ">
    <subfield code="6">260-01</subfield>
    <subfield code="a">吹田市 :</subfield>
    <subfield code="b">国立民族学博物館,</subfield>
    <subfield code="c">2006.</subfield>
  </datafield>
  <datafield tag="830" ind1=" " ind2="0">
    <subfield code="a">Senri ethnological reports.</subfield>
    <subfield code="p">Bon studies ;</subfield>
    <subfield code="v">10.</subfield>
  </datafield>
</record>