

<record xmlns="http://www.loc.gov/MARC21/slim"
xmlns:xsi="http://www.w3.org/2001/XMLSchema-instance"
xsi:schemaLocation="http://www.loc.gov/MARC21/slim
http://www.loc.gov/standards/marcxml/schema/MARC21slim.xsd">
  <leader>     nam a22     3a 4500</leader>
  <controlfield tag="001">010003671-6</controlfield>
  <controlfield tag="005">20060628094804.0</controlfield>
  <controlfield tag="008">060628uuuuuuuuuxx           |||||||tib|d</controlfield>
  <datafield tag="100" ind1="0" ind2=" ">
    <subfield code="a">Phur-bu-lcog Ṅag-dbaṅ-byams-pa,</subfield>
    <subfield code="d">1682-1762.</subfield>
  </datafield>
  <datafield tag="240" ind1="1" ind2="0">
    <subfield code="a">Works</subfield>
  </datafield>
  <datafield tag="245" ind1="1" ind2="0">
    <subfield code="a">Collected works (Gsuʾbum) of Phur-bu-lcoq Nag-dban-byams-pa.</subfield>
  </datafield>
  <datafield tag="260" ind1="1" ind2=" ">
    <subfield code="a">[S.l. :</subfield>
    <subfield code="b">s.n.,</subfield>
    <subfield code="c">n.d.]</subfield>
  </datafield>
  <datafield tag="300" ind1=" " ind2=" ">
    <subfield code="a">1 v. ;</subfield>
    <subfield code="c">20 x 68 cm.</subfield>
  </datafield>
  <datafield tag="520" ind1=" " ind2=" ">
    <subfield code="a">Collected writings, chiefly on Lamaist liturgy, meditation, and philosophy, of a Gelukpa religious leader of Central Tibet.</subfield>
  </datafield>
  <datafield tag="650" ind1=" " ind2="0">
    <subfield code="a">Buddhism</subfield>
    <subfield code="z">China</subfield>
    <subfield code="z">Tibet Autonomous Region.</subfield>
  </datafield>
</record>