

<record xmlns="http://www.loc.gov/MARC21/slim"
xmlns:xsi="http://www.w3.org/2001/XMLSchema-instance"
xsi:schemaLocation="http://www.loc.gov/MARC21/slim
http://www.loc.gov/standards/marcxml/schema/MARC21slim.xsd">
  <leader>     nam a22     3a 4500</leader>
  <controlfield tag="001">010003687-2</controlfield>
  <controlfield tag="005">20060628101231.0</controlfield>
  <controlfield tag="008">060628uuuuuuuuuxx           |||||||tib|d</controlfield>
  <datafield tag="245" ind1="1" ind2="0">
    <subfield code="a">Bkaʾ ʾgyur rin po cheʾi mtshan tho bzhugs so.</subfield>
  </datafield>
  <datafield tag="260" ind1="1" ind2=" ">
    <subfield code="a">[S.l. :</subfield>
    <subfield code="b">s.n.,</subfield>
    <subfield code="c">n.d.]</subfield>
  </datafield>
  <datafield tag="300" ind1=" " ind2=" ">
    <subfield code="a">1 v. ;</subfield>
    <subfield code="c">20 x 68 cm.</subfield>
  </datafield>
  <datafield tag="520" ind1=" " ind2=" ">
    <subfield code="a">14 folio woodblock prints of text comprise a catalog of the Snar thang Bkaʾ ʾgyur ; 124 folio woodblock prints of text with title page: Bkaʾ ʾgyur rin po cheʾi gsung par srid gsum rgyan gcig rdzu ʾphrul shing rtaʾi dkar chag ngo mtshar bkod pa rgya mtshoʾi lde mig ces bya ba bzhugs ; 3 folios with colophon: Miʾi dbang po bsod nams stobs rgyal ; 2 folios with colophon: 2nd Pachen Shakya dge slong blo bzang ye shes 1663-1726? and Miʾi dbang po bsod nams stobs rgyal.</subfield>
  </datafield>
  <datafield tag="650" ind1=" " ind2="0">
    <subfield code="a">Buddhism</subfield>
    <subfield code="z">China</subfield>
    <subfield code="z">Tibet Autonomous Region.</subfield>
  </datafield>
  <datafield tag="700" ind1="0" ind2=" ">
    <subfield code="a">Blo-bzaṅ-ye-śes,</subfield>
    <subfield code="c">Panchen Lama II,</subfield>
    <subfield code="d">1663-1737.</subfield>
  </datafield>
  <datafield tag="740" ind1="0" ind2=" ">
    <subfield code="a">Snar thang Bkaʾ ʾgyur.</subfield>
  </datafield>
  <datafield tag="740" ind1="0" ind2=" ">
    <subfield code="a">Bkaʾ ʾgyur rin po cheʾi gsung par srid gsum rgyan gcig rdzu ʾphrul shing rtaʾi dkar chag ngo mtshar bkod pa rgya mtshoʾi lde mig ces bya ba bzhugs.</subfield>
  </datafield>
  <datafield tag="740" ind1="0" ind2=" ">
    <subfield code="a">Miʾi dbang po bsod nams stobs rgyal.</subfield>
  </datafield>
</record>