

<record xmlns="http://www.loc.gov/MARC21/slim"
xmlns:xsi="http://www.w3.org/2001/XMLSchema-instance"
xsi:schemaLocation="http://www.loc.gov/MARC21/slim
http://www.loc.gov/standards/marcxml/schema/MARC21slim.xsd">
  <leader>     nam a22002053  4500</leader>
  <controlfield tag="001">010003772-0</controlfield>
  <controlfield tag="005">20060628105204.0</controlfield>
  <controlfield tag="008">030930uuuuuuuuuxx            000 0 tib d</controlfield>
  <datafield tag="245" ind1="0" ind2="0">
    <subfield code="a">&apos;Dzangs blun zhes bya ba&apos;i mdo.</subfield>
  </datafield>
  <datafield tag="260" ind1=" " ind2=" ">
    <subfield code="a">[S.l :</subfield>
    <subfield code="b">s.n.,</subfield>
    <subfield code="c">n.d.]</subfield>
  </datafield>
  <datafield tag="300" ind1=" " ind2=" ">
    <subfield code="a">ca. 280 p. :</subfield>
    <subfield code="b">ill. ;</subfield>
    <subfield code="c">11 x 57 cm.</subfield>
  </datafield>
  <datafield tag="650" ind1="1" ind2="7">
    <subfield code="a">Sutras.</subfield>
    <subfield code="2">gtt</subfield>
  </datafield>
  <datafield tag="650" ind1="1" ind2="7">
    <subfield code="a">Mahayana.</subfield>
    <subfield code="2">gtt</subfield>
  </datafield>
  <datafield tag="650" ind1="1" ind2="7">
    <subfield code="a">Tibetaans.</subfield>
    <subfield code="2">gtt</subfield>
  </datafield>
</record>