

<record xmlns="http://www.loc.gov/MARC21/slim"
xmlns:xsi="http://www.w3.org/2001/XMLSchema-instance"
xsi:schemaLocation="http://www.loc.gov/MARC21/slim
http://www.loc.gov/standards/marcxml/schema/MARC21slim.xsd">
  <leader>     nam a22003133a 4500</leader>
  <controlfield tag="001">010003787-9</controlfield>
  <controlfield tag="005">20060628110456.0</controlfield>
  <controlfield tag="008">951019uuuuuuuuuxx            000 0btib d</controlfield>
  <datafield tag="043" ind1=" " ind2=" ">
    <subfield code="a">a-cc-ti</subfield>
  </datafield>
  <datafield tag="100" ind1="0" ind2=" ">
    <subfield code="a">Tshe-riṅ-dbaṅ-rgyal,</subfield>
    <subfield code="c">Mdo-mkhar Źabs-druṅ,</subfield>
    <subfield code="d">1697-1763.</subfield>
  </datafield>
  <datafield tag="240" ind1="1" ind2="0">
    <subfield code="a">Mi dbaṅ rtogs brjod</subfield>
  </datafield>
  <datafield tag="245" ind1="1" ind2="0">
    <subfield code="a">Dpal miơi dbaṅ poơi rtogs pa brjod pa ơjig rten kun tu dgaơ baơi gtam /</subfield>
    <subfield code="c">Mdo-mkhar Źabs-druṅ Tshe-riṅ-dbaṅ-rgyal gyis brtsams.</subfield>
  </datafield>
  <datafield tag="260" ind1=" " ind2=" ">
    <subfield code="a">[S.l. :</subfield>
    <subfield code="b">s.n.,</subfield>
    <subfield code="c">n.d.</subfield>
  </datafield>
  <datafield tag="300" ind1=" " ind2=" ">
    <subfield code="a">2 v. ;</subfield>
    <subfield code="c">9 x 54 cm.</subfield>
  </datafield>
  <datafield tag="520" ind1=" " ind2=" ">
    <subfield code="a">Biography of Pho-lha Mi-dbaṅ Bsod-nams-stobs-rgyas, 1698-1747, administrator and de facto ruler of Tibet from 1728-1747.</subfield>
  </datafield>
  <datafield tag="600" ind1="0" ind2="0">
    <subfield code="a">Bsod-nams-stobs-rgyas,</subfield>
    <subfield code="c">Pho-lha-nas Mi-dbaṅ,</subfield>
    <subfield code="d">1698-1747.</subfield>
  </datafield>
  <datafield tag="651" ind1=" " ind2="0">
    <subfield code="a">Tibet Autonomous Region (China)</subfield>
    <subfield code="x">Kings and rulers</subfield>
    <subfield code="v">Biography.</subfield>
  </datafield>
</record>