

<record xmlns="http://www.loc.gov/MARC21/slim"
xmlns:xsi="http://www.w3.org/2001/XMLSchema-instance"
xsi:schemaLocation="http://www.loc.gov/MARC21/slim
http://www.loc.gov/standards/marcxml/schema/MARC21slim.xsd">
  <leader>     cam a2200373Ia 4500</leader>
  <controlfield tag="001">010004631-2</controlfield>
  <controlfield tag="005">20090518122038.0</controlfield>
  <controlfield tag="008">820622q19681969ii            000 0 tibod</controlfield>
  <datafield tag="010" ind1=" " ind2=" ">
    <subfield code="a">   71905368</subfield>
  </datafield>
  <datafield tag="020" ind1=" " ind2=" ">
    <subfield code="c">Rs1.25</subfield>
  </datafield>
  <datafield tag="025" ind1=" " ind2=" ">
    <subfield code="a">PL480:I-Tib-541</subfield>
  </datafield>
  <datafield tag="035" ind1="0" ind2=" ">
    <subfield code="a">ocm08538930</subfield>
  </datafield>
  <datafield tag="040" ind1=" " ind2=" ">
    <subfield code="a">IUL</subfield>
    <subfield code="c">IUL</subfield>
    <subfield code="d">OCLCQ</subfield>
    <subfield code="d">OCLCG</subfield>
  </datafield>
  <datafield tag="043" ind1=" " ind2=" ">
    <subfield code="a">a-cc-ti</subfield>
  </datafield>
  <datafield tag="090" ind1=" " ind2=" ">
    <subfield code="a">PL3748.G8</subfield>
    <subfield code="b">N3 1968</subfield>
  </datafield>
  <datafield tag="100" ind1="0" ind2=" ">
    <subfield code="a">Guṅ-thaṅ Dkon-mchog-bstan-paʼi-sgron-me,</subfield>
    <subfield code="d">1762-1823.</subfield>
  </datafield>
  <datafield tag="245" ind1="1" ind2="0">
    <subfield code="a">Ñams myoṅ rgan poʼi ʼbel btam Yid ʼbyuṅ dmar khrid daṅ :</subfield>
    <subfield code="b">Thon-maʼi legs bśad Sum cu paʼi sñiṅ po Ljon paʼi dbaṅ po /</subfield>
    <subfield code="c">Dbyaṅs-can-grub-paʼi-rdo-rje. ʼPhags pa Brgyal mtshan rtse moʼi dpuṅ rgyan źes bya baʼi gzuṅs bzugs so.</subfield>
  </datafield>
  <datafield tag="260" ind1=" " ind2=" ">
    <subfield code="a">[Ldi-li :</subfield>
    <subfield code="b">s.n.,</subfield>
    <subfield code="c">1968 or 9]</subfield>
  </datafield>
  <datafield tag="300" ind1=" " ind2=" ">
    <subfield code="a">31 p. ;</subfield>
    <subfield code="c">18 cm.</subfield>
  </datafield>
  <datafield tag="500" ind1=" " ind2=" ">
    <subfield code="a">In Tibetan.</subfield>
  </datafield>
  <datafield tag="500" ind1=" " ind2=" ">
    <subfield code="a">First work written by Guṅ-thaṅ.</subfield>
  </datafield>
  <datafield tag="500" ind1=" " ind2=" ">
    <subfield code="a">&quot;Spyi zla pa 12 pa i tshes sa na 1968 lo la La-dwags ʼDa-ram-sa-le Dpaʼi-mdzod-khaṅ [i.e. ʼDa-ram-sa-laʼi Dpe-mdzod-khaṅ] ʼdu (!) ʼbris pa ʼo.&quot;</subfield>
  </datafield>
  <datafield tag="500" ind1=" " ind2=" ">
    <subfield code="a">Contains Guṅ-thaṅ&apos;s Mi rtag sgom tshul gyi bslab bya tshigs su bcad pa.</subfield>
  </datafield>
  <datafield tag="650" ind1=" " ind2="0">
    <subfield code="a">Meditation</subfield>
    <subfield code="x">Buddhism.</subfield>
  </datafield>
  <datafield tag="600" ind1="0" ind2="0">
    <subfield code="a">Thon-mi Sambhoṭa,</subfield>
    <subfield code="d">active 632.</subfield>
    <subfield code="t">Sum cu pa.</subfield>
  </datafield>
  <datafield tag="650" ind1=" " ind2="0">
    <subfield code="a">Buddhist mantras.</subfield>
  </datafield>
  <datafield tag="650" ind1=" " ind2="0">
    <subfield code="a">Tibetan language</subfield>
    <subfield code="x">Grammar.</subfield>
  </datafield>
  <datafield tag="650" ind1=" " ind2="0">
    <subfield code="a">Tibetan language</subfield>
    <subfield code="v">Texts.</subfield>
  </datafield>
  <datafield tag="700" ind1="0" ind2="2">
    <subfield code="a">Dbyaṅs-can-grub-paʼi-rdo-rje,</subfield>
    <subfield code="c">Dṅul-chu,</subfield>
    <subfield code="d">1809-1887.</subfield>
    <subfield code="t">Sum cu paʼi sñiṅ po Legs bśad ljon paʼi dbaṅ po.</subfield>
  </datafield>
  <datafield tag="730" ind1="0" ind2="2">
    <subfield code="a">Dhvajāgrakeyūra nāma dhāraṇī.</subfield>
    <subfield code="l">Tibetan.</subfield>
  </datafield>
</record>