

<record xmlns="http://www.loc.gov/MARC21/slim"
xmlns:xsi="http://www.w3.org/2001/XMLSchema-instance"
xsi:schemaLocation="http://www.loc.gov/MARC21/slim
http://www.loc.gov/standards/marcxml/schema/MARC21slim.xsd">
  <leader>     cam a2200229Ia 4500</leader>
  <controlfield tag="001">010004705-X</controlfield>
  <controlfield tag="005">20060629132642.0</controlfield>
  <controlfield tag="008">881017s1972    ii            000 0 tib d</controlfield>
  <datafield tag="010" ind1=" " ind2=" ">
    <subfield code="a">   74900155</subfield>
  </datafield>
  <datafield tag="035" ind1="0" ind2=" ">
    <subfield code="a">ocm21862279</subfield>
  </datafield>
  <datafield tag="040" ind1=" " ind2=" ">
    <subfield code="a">CUY</subfield>
    <subfield code="c">CUY</subfield>
    <subfield code="d">GZM</subfield>
    <subfield code="d">ZCU</subfield>
    <subfield code="d">OCLCQ</subfield>
  </datafield>
  <datafield tag="090" ind1=" " ind2=" ">
    <subfield code="a">BQ868</subfield>
    <subfield code="b">.D45 1972</subfield>
  </datafield>
  <datafield tag="100" ind1="0" ind2=" ">
    <subfield code="a">Dge-ơdun-grub,</subfield>
    <subfield code="c">Dalai Lama I,</subfield>
    <subfield code="d">1391-1474.</subfield>
  </datafield>
  <datafield tag="240" ind1="1" ind2="0">
    <subfield code="a">Bcom ldan ơdas Thub-Paơi-dbaṅ-poí rnam par thar pa la bstod pa bdud dpukṅ phye Mar. ơthag pa</subfield>
  </datafield>
  <datafield tag="245" ind1="1" ind2="0">
    <subfield code="a">Poetical praise of the biography of the Buddha /</subfield>
    <subfield code="c">by rJe-dGe-aDun-Grub-pa ; edited by L. Jamspal.</subfield>
  </datafield>
  <datafield tag="260" ind1=" " ind2=" ">
    <subfield code="a">[Varnasi] :</subfield>
    <subfield code="b">K. Lhundup,</subfield>
    <subfield code="c">1972.</subfield>
  </datafield>
  <datafield tag="300" ind1=" " ind2=" ">
    <subfield code="a">34 p. ;</subfield>
    <subfield code="c">25 cm.</subfield>
  </datafield>
  <datafield tag="500" ind1=" " ind2=" ">
    <subfield code="a">Eulogistic verse work (stotra) recalling the life of the Shakyamuni Buddha.</subfield>
  </datafield>
  <datafield tag="600" ind1="0" ind2="0">
    <subfield code="a">Gautama Buddha.</subfield>
  </datafield>
</record>