

<record xmlns="http://www.loc.gov/MARC21/slim"
xmlns:xsi="http://www.w3.org/2001/XMLSchema-instance"
xsi:schemaLocation="http://www.loc.gov/MARC21/slim
http://www.loc.gov/standards/marcxml/schema/MARC21slim.xsd">
  <leader>     nam a2200313Ma 4500</leader>
  <controlfield tag="001">010005063-8</controlfield>
  <controlfield tag="005">20060630093233.0</controlfield>
  <controlfield tag="008">000626s1972    ii a          000 0 tibod</controlfield>
  <datafield tag="025" ind1=" " ind2=" ">
    <subfield code="a">PL480: I-Tib-938</subfield>
  </datafield>
  <datafield tag="035" ind1="0" ind2=" ">
    <subfield code="a">ocm70682438</subfield>
  </datafield>
  <datafield tag="043" ind1=" " ind2=" ">
    <subfield code="a">a-cc-ti</subfield>
  </datafield>
  <datafield tag="050" ind1="0" ind2=" ">
    <subfield code="a">AY1149.T5</subfield>
    <subfield code="b">B34</subfield>
  </datafield>
  <datafield tag="245" ind1="0" ind2="0">
    <subfield code="a">Bag med ces ơbod ơbyuṅ ba bźi ldan chu mo glaṅ loơi byed grub zuṅ ơbrel gyi lo tho dgeơo /</subfield>
    <subfield code="c">Phyi lo 1973.</subfield>
  </datafield>
  <datafield tag="246" ind1="1" ind2="4">
    <subfield code="a">Tibetan calendar, 1973.</subfield>
  </datafield>
  <datafield tag="260" ind1=" " ind2=" ">
    <subfield code="a">[Rda-ram-sa-la] :</subfield>
    <subfield code="b">Bod-gźuṅ-ơgro-phan-sman-rtsis-khaṅ,</subfield>
    <subfield code="c">[1972]</subfield>
  </datafield>
  <datafield tag="300" ind1=" " ind2=" ">
    <subfield code="a">125 p. :</subfield>
    <subfield code="b">ill. ;</subfield>
    <subfield code="c">19 cm.</subfield>
  </datafield>
  <datafield tag="500" ind1=" " ind2=" ">
    <subfield code="a">In Tibetan.</subfield>
  </datafield>
  <datafield tag="650" ind1=" " ind2="0">
    <subfield code="a">Almanacs, Tibetan.</subfield>
  </datafield>
  <datafield tag="650" ind1=" " ind2="0">
    <subfield code="a">Astrology, Tibetan.</subfield>
  </datafield>
  <datafield tag="650" ind1=" " ind2="0">
    <subfield code="a">Tibetan language</subfield>
    <subfield code="x">Texts.</subfield>
  </datafield>
  <datafield tag="740" ind1="0" ind2=" ">
    <subfield code="a">Rab rgyal chu glaṅ loơi lo tho.</subfield>
  </datafield>
</record>