

<record xmlns="http://www.loc.gov/MARC21/slim"
xmlns:xsi="http://www.w3.org/2001/XMLSchema-instance"
xsi:schemaLocation="http://www.loc.gov/MARC21/slim
http://www.loc.gov/standards/marcxml/schema/MARC21slim.xsd">
  <leader>     nam a2200253Ma 4500</leader>
  <controlfield tag="001">010005078-6</controlfield>
  <controlfield tag="005">20060630094635.0</controlfield>
  <controlfield tag="008">980928s1970    ii            000 0 tibod</controlfield>
  <datafield tag="035" ind1="0" ind2=" ">
    <subfield code="a">ocm70682444</subfield>
  </datafield>
  <datafield tag="050" ind1="0" ind2="0">
    <subfield code="a">PL3748.S35</subfield>
    <subfield code="b">C5 1970</subfield>
  </datafield>
  <datafield tag="100" ind1="1" ind2=" ">
    <subfield code="a">Sdiṅ-chen-nas, Tshe-riṅ-dbaṅ-ơdus,</subfield>
    <subfield code="d">active 18th century.</subfield>
  </datafield>
  <datafield tag="245" ind1="1" ind2="0">
    <subfield code="a">Chos kyi rgyal po Nor-bu-bzaṅ-poơi rnam thar phyogs bsgrigs byas pa thos chuṅ yid kyi dgaơ ston.</subfield>
  </datafield>
  <datafield tag="260" ind1=" " ind2=" ">
    <subfield code="c">1970?].</subfield>
  </datafield>
  <datafield tag="300" ind1=" " ind2=" ">
    <subfield code="a">472 p. ;</subfield>
    <subfield code="c">19 cm.</subfield>
  </datafield>
  <datafield tag="500" ind1=" " ind2=" ">
    <subfield code="a">In Tibetan.</subfield>
  </datafield>
  <datafield tag="520" ind1=" " ind2=" ">
    <subfield code="a">Popular poetical drama; adaptation of an unidentified jataka or avadana of one Dharmaraja Manibhadra.</subfield>
  </datafield>
</record>