

<record xmlns="http://www.loc.gov/MARC21/slim"
xmlns:xsi="http://www.w3.org/2001/XMLSchema-instance"
xsi:schemaLocation="http://www.loc.gov/MARC21/slim
http://www.loc.gov/standards/marcxml/schema/MARC21slim.xsd">
  <leader>     cam a2200361Ia 4500</leader>
  <controlfield tag="001">010005154-5</controlfield>
  <controlfield tag="005">20060630110949.0</controlfield>
  <controlfield tag="008">910711s1967    ii            000 0 tib d</controlfield>
  <datafield tag="010" ind1=" " ind2=" ">
    <subfield code="a">   73924172</subfield>
  </datafield>
  <datafield tag="025" ind1=" " ind2=" ">
    <subfield code="a">I-Tib-771</subfield>
  </datafield>
  <datafield tag="035" ind1="0" ind2=" ">
    <subfield code="a">ocm25578866</subfield>
  </datafield>
  <datafield tag="040" ind1=" " ind2=" ">
    <subfield code="a">PAU</subfield>
    <subfield code="c">PAU</subfield>
    <subfield code="d">GZM</subfield>
    <subfield code="d">OCL</subfield>
  </datafield>
  <datafield tag="041" ind1="1" ind2=" ">
    <subfield code="a">tib</subfield>
    <subfield code="h">san</subfield>
  </datafield>
  <datafield tag="050" ind1="1" ind2="4">
    <subfield code="a">B132.N8</subfield>
    <subfield code="b">D56185 1967</subfield>
  </datafield>
  <datafield tag="100" ind1="0" ind2=" ">
    <subfield code="a">Dignāga,</subfield>
    <subfield code="d">active 5th century.</subfield>
  </datafield>
  <datafield tag="240" ind1="1" ind2="0">
    <subfield code="a">Nyāyapraveśa.</subfield>
    <subfield code="l">Tibetan</subfield>
  </datafield>
  <datafield tag="245" ind1="1" ind2="0">
    <subfield code="a">Tshad ma rigs par ơjug paơi sgo źes bya ba Slob dpon Phyogs glaṅ gis mdzad pa daṅ, Gtan tshigs kyi de kho na ñid bstan pa Dzi ta ris mdzad pa bcas le tshan gñis bźugs so.</subfield>
  </datafield>
  <datafield tag="260" ind1=" " ind2=" ">
    <subfield code="a">Dha-ram-sa-la :</subfield>
    <subfield code="b">Bod gźuṅ chos don lhan khaṅ gi bkaơ don bźin Gsuṅ rab gces btus dpar khaṅ,</subfield>
    <subfield code="c">1967.</subfield>
  </datafield>
  <datafield tag="300" ind1=" " ind2=" ">
    <subfield code="a">18, 37 p. ;</subfield>
    <subfield code="c">19 cm.</subfield>
  </datafield>
  <datafield tag="500" ind1=" " ind2=" ">
    <subfield code="a">In Tibetan; title from cover.</subfield>
  </datafield>
  <datafield tag="500" ind1=" " ind2=" ">
    <subfield code="a">Cover title.</subfield>
  </datafield>
  <datafield tag="500" ind1=" " ind2=" ">
    <subfield code="a">Attributed to Dignāga, 5th cent.</subfield>
  </datafield>
  <datafield tag="520" ind1=" " ind2=" ">
    <subfield code="a">Includes the Hetutattvopadeśa of Jitāri, fl. 940-980.</subfield>
  </datafield>
  <datafield tag="650" ind1=" " ind2="0">
    <subfield code="a">Nyaya.</subfield>
  </datafield>
  <datafield tag="650" ind1=" " ind2="0">
    <subfield code="a">Buddhist logic</subfield>
    <subfield code="v">Early works to 1800.</subfield>
  </datafield>
  <datafield tag="650" ind1=" " ind2="0">
    <subfield code="a">Tibetan language</subfield>
    <subfield code="v">Texts.</subfield>
  </datafield>
  <datafield tag="700" ind1="0" ind2=" ">
    <subfield code="a">Dignāga,</subfield>
    <subfield code="d">active 5th century.</subfield>
  </datafield>
  <datafield tag="700" ind1="0" ind2="2">
    <subfield code="a">Jitāri,</subfield>
    <subfield code="d">active 940-980.</subfield>
    <subfield code="t">Hetutattvopadeśa.</subfield>
    <subfield code="l">Tibetan.</subfield>
  </datafield>
  <datafield tag="740" ind1="0" ind2="1">
    <subfield code="a">Gtan tshigs kyi de kho na ñid bstan pa.</subfield>
  </datafield>
  <datafield tag="740" ind1="0" ind2="1">
    <subfield code="a">Hetuttvopadeśa.</subfield>
  </datafield>
</record>