

<record xmlns="http://www.loc.gov/MARC21/slim"
xmlns:xsi="http://www.w3.org/2001/XMLSchema-instance"
xsi:schemaLocation="http://www.loc.gov/MARC21/slim
http://www.loc.gov/standards/marcxml/schema/MARC21slim.xsd">
  <leader>     cam a2200265Ka 4500</leader>
  <controlfield tag="001">010209619-8</controlfield>
  <controlfield tag="005">20070117093524.0</controlfield>
  <controlfield tag="008">070116q16921700cc            000 0 tib d</controlfield>
  <datafield tag="035" ind1="0" ind2=" ">
    <subfield code="a">ocm78278268</subfield>
  </datafield>
  <datafield tag="040" ind1=" " ind2=" ">
    <subfield code="a">HMY</subfield>
    <subfield code="c">HMY</subfield>
    <subfield code="d">HMY</subfield>
  </datafield>
  <datafield tag="130" ind1="0" ind2=" ">
    <subfield code="a">Kanjur.</subfield>
  </datafield>
  <datafield tag="245" ind1="1" ind2="0">
    <subfield code="6">880-01</subfield>
    <subfield code="a">Da zang jing.</subfield>
  </datafield>
  <datafield tag="260" ind1=" " ind2=" ">
    <subfield code="6">880-02</subfield>
    <subfield code="a">[Beijing :</subfield>
    <subfield code="b">s.n.,</subfield>
    <subfield code="c">Qing Kangxi jian, between 1692 and 1700]</subfield>
  </datafield>
  <datafield tag="300" ind1=" " ind2=" ">
    <subfield code="a">106 v. ;</subfield>
    <subfield code="c">69 x 24 cm.</subfield>
  </datafield>
  <datafield tag="500" ind1=" " ind2=" ">
    <subfield code="a">In Tibetan.</subfield>
  </datafield>
  <datafield tag="500" ind1=" " ind2=" ">
    <subfield code="a">Printed in red ink on both sides of folios, printed area about 60 x 14 cm.</subfield>
  </datafield>
  <datafield tag="505" ind1="2" ind2=" ">
    <subfield code="a">v.1-25. Rgyud : OM, KA, KHA, GA, NGA, CA, CHA, JA, NYA, TA, THA, DA, NA, PA, PHA, BA, MA, TSA, TSHA, DZA, WA, ZHA, ZA, &apos;A, YA -- v.26-39. (Sher-phyin)&apos;Bum : RA, LA, SHA, SA, HA, A, KSHA, KI, KHI, GI, NGI, CI, CHI, JI -- v.40-43. Nyi-khri : NYI, TI, THI, DI -- v.44-46A. Khri-brgyad : NI, PI, PHI1 -- v.46B-47. Shes-khri : PHI2, BI -- v.48 Brgyad-stong : MI -- v.49 Sna-tshogs : TSI -- v.50-55. Dkon-brtsegs : TSHI, DZI, WI, ZHI, ZI, &apos;I -- v.56-61. Phal-chen : YI, RI, LI, SHI, SI, HI -- v.62-93. Mdo : I, KU, KHU, GU, NGU, CU, CHU, JU, NYU, TU, THU, DU, NU, PU, PHU, BU, MU, TSU, TSHU, DZU, WU, ZHU, ZU, &apos;U, YU, RU, LU, SHU, SU, HU, U, KE -- v.94-106. &apos;Dul-ba : KHE, GE, NGE, CE, CHE, JE, NYE, TE, THE, DE, NE, PE, PHE.</subfield>
  </datafield>
  <datafield tag="650" ind1=" " ind2="0">
    <subfield code="a">Buddhism</subfield>
    <subfield code="v">Sacred books.</subfield>
  </datafield>
  <datafield tag="880" ind1="1" ind2="0">
    <subfield code="6">245-01</subfield>
    <subfield code="a">大藏經.</subfield>
  </datafield>
  <datafield tag="880" ind1=" " ind2=" ">
    <subfield code="6">260-02</subfield>
    <subfield code="a">[北京 :</subfield>
    <subfield code="b">s.n.,</subfield>
    <subfield code="c">清康熙間, between 1692 and 1700]</subfield>
  </datafield>
  <datafield tag="049" ind1=" " ind2=" ">
    <subfield code="a">HMYY</subfield>
  </datafield>
</record>