

<record xmlns="http://www.loc.gov/MARC21/slim"
xmlns:xsi="http://www.w3.org/2001/XMLSchema-instance"
xsi:schemaLocation="http://www.loc.gov/MARC21/slim
http://www.loc.gov/standards/marcxml/schema/MARC21slim.xsd">
  <leader>     cam a2200349Ka 4500</leader>
  <controlfield tag="001">010210427-1</controlfield>
  <controlfield tag="005">20070118110747.0</controlfield>
  <controlfield tag="008">070117s1410    cc            000 0 tib d</controlfield>
  <datafield tag="035" ind1="0" ind2=" ">
    <subfield code="a">ocm78618753</subfield>
  </datafield>
  <datafield tag="040" ind1=" " ind2=" ">
    <subfield code="a">HMY</subfield>
    <subfield code="c">HMY</subfield>
    <subfield code="d">HMY</subfield>
  </datafield>
  <datafield tag="130" ind1="0" ind2=" ">
    <subfield code="a">Kanjur.</subfield>
  </datafield>
  <datafield tag="245" ind1="1" ind2="0">
    <subfield code="6">880-01</subfield>
    <subfield code="a">Da zang jing.</subfield>
  </datafield>
  <datafield tag="260" ind1=" " ind2=" ">
    <subfield code="a">[China :</subfield>
    <subfield code="b">s.n.,</subfield>
    <subfield code="c">Ming Yongle ba nian, (1410)?]</subfield>
  </datafield>
  <datafield tag="300" ind1=" " ind2=" ">
    <subfield code="a">2 v. ;</subfield>
    <subfield code="c">68 x 24.3 cm.</subfield>
  </datafield>
  <datafield tag="500" ind1=" " ind2=" ">
    <subfield code="a">The year of this edition is not sure.</subfield>
  </datafield>
  <datafield tag="500" ind1=" " ind2=" ">
    <subfield code="a">In Tibetan.</subfield>
  </datafield>
  <datafield tag="500" ind1=" " ind2=" ">
    <subfield code="a">Printed in black ink on both sides of folios, printed area is about 59.2 x 15.6 cm.</subfield>
  </datafield>
  <datafield tag="500" ind1=" " ind2=" ">
    <subfield code="a">The standard pages have 6 lines of text on each side.</subfield>
  </datafield>
  <datafield tag="500" ind1=" " ind2=" ">
    <subfield code="6">880-02</subfield>
    <subfield code="a">You Ming Yongle ba nian (1410) yu zhi hou xu.</subfield>
  </datafield>
  <datafield tag="500" ind1=" " ind2=" ">
    <subfield code="6">880-03</subfield>
    <subfield code="a">You xue zhe jia qian shu ci shu ban ben &quot;ju wen ci zang jing xi Yongle ba nian (1410) chi ke zhe, hou jing shi bian jin yu shi er bao (ce). geng zi (1900) zhi yi hou, shi er bao bu zhi qu xiang. duo nian hou fa xian yu Xide Hanbao bo wu guan, jing yi jiao shou [ ] xiang, ben guan gou de er bao&quot;.</subfield>
  </datafield>
  <datafield tag="505" ind1="2" ind2=" ">
    <subfield code="6">880-04</subfield>
    <subfield code="a">Achu fo mu tan chang jing -- qian mo an wei qing zan jing.</subfield>
  </datafield>
  <datafield tag="650" ind1=" " ind2="0">
    <subfield code="a">Buddhism</subfield>
    <subfield code="v">Sacred books.</subfield>
  </datafield>
  <datafield tag="880" ind1="1" ind2="0">
    <subfield code="6">245-01</subfield>
    <subfield code="a">大藏經.</subfield>
  </datafield>
  <datafield tag="880" ind1=" " ind2=" ">
    <subfield code="6">260-00</subfield>
    <subfield code="a">[China :</subfield>
    <subfield code="b">s.n.,</subfield>
    <subfield code="c">明永樂八年, (1410)?]</subfield>
  </datafield>
  <datafield tag="880" ind1=" " ind2=" ">
    <subfield code="6">500-02</subfield>
    <subfield code="a">有明永樂八年(1410)御製後序.</subfield>
  </datafield>
  <datafield tag="880" ind1=" " ind2=" ">
    <subfield code="6">500-03</subfield>
    <subfield code="a">有學者夾簽述此書版本&quot;據聞此藏經係永樂八年(1410)敕刻者, 後經世變僅餘十二包(冊)。庚子(1900)之役後，十二包不知去向。多年後發現於西德漢堡博物館，經一教授[ ]項，本館購得二包&quot;.</subfield>
  </datafield>
  <datafield tag="880" ind1="2" ind2=" ">
    <subfield code="6">505-04</subfield>
    <subfield code="a">阿[chu]佛母壇場經 -- 遣魔安位慶讚經.</subfield>
  </datafield>
  <datafield tag="049" ind1=" " ind2=" ">
    <subfield code="a">HMYY</subfield>
  </datafield>
</record>