

<record xmlns="http://www.loc.gov/MARC21/slim"
xmlns:xsi="http://www.w3.org/2001/XMLSchema-instance"
xsi:schemaLocation="http://www.loc.gov/MARC21/slim
http://www.loc.gov/standards/marcxml/schema/MARC21slim.xsd">
  <leader>     cam a2200301Ka 4500</leader>
  <controlfield tag="001">010210465-4</controlfield>
  <controlfield tag="005">20070118144015.0</controlfield>
  <controlfield tag="008">070117q16441911cc            000 0 tib d</controlfield>
  <datafield tag="035" ind1="0" ind2=" ">
    <subfield code="a">ocm78620256</subfield>
  </datafield>
  <datafield tag="040" ind1=" " ind2=" ">
    <subfield code="a">HMY</subfield>
    <subfield code="c">HMY</subfield>
    <subfield code="d">HMY</subfield>
  </datafield>
  <datafield tag="245" ind1="0" ind2="0">
    <subfield code="6">880-01</subfield>
    <subfield code="a">Da zang jing.</subfield>
  </datafield>
  <datafield tag="260" ind1=" " ind2=" ">
    <subfield code="a">[China :</subfield>
    <subfield code="b">s.n.,</subfield>
    <subfield code="c">Qing, between 1644 and 1911?]</subfield>
  </datafield>
  <datafield tag="300" ind1=" " ind2=" ">
    <subfield code="a">93 v. ;</subfield>
    <subfield code="c">66.5 x 19.6 cm.</subfield>
  </datafield>
  <datafield tag="500" ind1=" " ind2=" ">
    <subfield code="a">In Tibetan.</subfield>
  </datafield>
  <datafield tag="500" ind1=" " ind2=" ">
    <subfield code="a">Printed in black ink, printed area is about 58.5 x 13.6 cm.</subfield>
  </datafield>
  <datafield tag="500" ind1=" " ind2=" ">
    <subfield code="a">The standard pages have 8 lines.</subfield>
  </datafield>
  <datafield tag="500" ind1=" " ind2=" ">
    <subfield code="6">880-02</subfield>
    <subfield code="a">Si zhou shuang lan.</subfield>
  </datafield>
  <datafield tag="505" ind1="2" ind2=" ">
    <subfield code="6">880-03</subfield>
    <subfield code="a">V.1-24. mi mi jing -- v.25-38. da bo re jing -- v.39-42. di er bo re jing -- v.43-46. di er da bo re jing -- v.47 di san bo re jing -- v.48 zhu bo re jing -- v.49-54. da bao ji jing -- v.55-60. hua yan jing -- v.61 xian jie qian fo ming jing -- v.62 da you xi jing -- v.63 sheng po jia fan guang zhi jing -- v.64 sheng si shan da sheng jing -- v.65 da sheng guang kai zhen yi jing -- v.66 sheng zhuang yan da sheng jing -- v.67 miao fa lian hua jing -- v.68-70. da ban nie pan jing -- v.71 sheng chan ding wang jing -- v.72 xian zai zhu fo chan ding jing -- v.73 sheng ru bu si yi zhou -- v.74 yi hai pu sa qing wen jing -- v.75 da fan tian wang qing wen jing -- v.76 Wenshu pu sa wen fo jing -- v.77 sheng ming wu ban ruo da sheng jing -- v.78 da sheng xin li zeng ru yin jing -- v.79 ming man zui qi jie po shuo zui ye da sheng jing -- v.80 san bao yun jing -- v.81 da sheng shou zheng fa jing -- v.82 da sheng fa wang jing -- v.83 wu qian si bai wu shi san ge fo ming jing -- v.84 bai bai chan hui jing -- v.85-87. sheng sheng fa nian zhu jing -- v.88 fo chu xian jing -- v.89-90. yin guo jing -- v.91 shou leng yan jing -- v.92 shuo gang bo deng bai wu jing -- v.93 fo shuo cheng wu fu li jing.</subfield>
  </datafield>
  <datafield tag="650" ind1=" " ind2="0">
    <subfield code="a">Buddhism</subfield>
    <subfield code="v">Sacred books.</subfield>
  </datafield>
  <datafield tag="880" ind1="0" ind2="0">
    <subfield code="6">245-01</subfield>
    <subfield code="a">大藏經.</subfield>
  </datafield>
  <datafield tag="880" ind1=" " ind2=" ">
    <subfield code="6">260-00</subfield>
    <subfield code="a">[China :</subfield>
    <subfield code="b">s.n.,</subfield>
    <subfield code="c">清, between 1644 and 1911?]</subfield>
  </datafield>
  <datafield tag="880" ind1=" " ind2=" ">
    <subfield code="6">500-02</subfield>
    <subfield code="a">四周雙欄.</subfield>
  </datafield>
  <datafield tag="880" ind1="2" ind2=" ">
    <subfield code="6">505-03</subfield>
    <subfield code="a">v.1-24. 祕密經 -- v.25-38. 大般若經 -- v.39-42. 第二般若經 -- v.43-46. 第二大般若經 -- v.47 第三般若經 -- v.48 諸般若經 -- v.49-54. 大寶積經 -- v.55-60. 華嚴經 -- v.61 賢劫千佛名經 -- v.62 大遊戲經 -- v.63 聖婆伽梵廣智經 -- v.64 聖思善大聖經 -- v.65 大聖廣開真義經 -- v.66 聖莊嚴大聖經 -- v.67 妙法蓮華經 -- v.68-70. 大般涅槃經 -- v.71 聖禪定王經 -- v.72 見在諸佛禪定經 -- v.73 聖入不思義咒 -- v.74 義海菩薩請問經 -- v.75 大梵天王請問經 -- v.76 文殊菩薩問佛經 -- v.77 聖明五般若大聖經 -- v.78 大聖信力增入印經 -- v.79 明滿最器戒破說罪業大聖經 -- v.80 三寶雲經 -- v.81 大聖收正法經 -- v.82 大聖法王經 -- v.83 五千四百五十三個佛名經 -- v.84 百拜懺悔經 -- v.85-87. 聖勝法念住經 -- v.88 佛出現經 -- v.89-90. 因果經 -- v.91 首楞嚴經 -- v.92 說綱波等百悟經 -- v.93 佛說稱悟福力經.</subfield>
  </datafield>
  <datafield tag="049" ind1=" " ind2=" ">
    <subfield code="a">HMYY</subfield>
  </datafield>
</record>