

<record xmlns="http://www.loc.gov/MARC21/slim"
xmlns:xsi="http://www.w3.org/2001/XMLSchema-instance"
xsi:schemaLocation="http://www.loc.gov/MARC21/slim
http://www.loc.gov/standards/marcxml/schema/MARC21slim.xsd">
  <leader>     nam a22     4a 4500</leader>
  <controlfield tag="001">010301420-9</controlfield>
  <controlfield tag="005">20090515121535.0</controlfield>
  <controlfield tag="008">070504s1980    cc a          000|1 tib d</controlfield>
  <datafield tag="035" ind1="0" ind2=" ">
    <subfield code="a">ocn339021628</subfield>
  </datafield>
  <datafield tag="035" ind1="0" ind2=" ">
    <subfield code="a">ocn124504956</subfield>
  </datafield>
  <datafield tag="130" ind1="0" ind2=" ">
    <subfield code="a">Gesar.</subfield>
    <subfield code="p">Lha gliṅ.</subfield>
  </datafield>
  <datafield tag="245" ind1="1" ind2="0">
    <subfield code="a">Gliṅ rje Ge-sar rgyal poʾi sgruṅ :</subfield>
    <subfield code="b">Lha gliṅ gab tse dgu skor.</subfield>
  </datafield>
  <datafield tag="246" ind1="3" ind2="0">
    <subfield code="a">Lha gliṅ gab tse dgu skor</subfield>
  </datafield>
  <datafield tag="246" ind1="1" ind2=" ">
    <subfield code="i">Chinese title in colophon:</subfield>
    <subfield code="a">Gesha&apos;er wang zhuan</subfield>
  </datafield>
  <datafield tag="260" ind1=" " ind2=" ">
    <subfield code="a">Si-khron :</subfield>
    <subfield code="b">Mi rigs dpe skrun khaṅ,</subfield>
    <subfield code="c">1980.</subfield>
  </datafield>
  <datafield tag="300" ind1=" " ind2=" ">
    <subfield code="a">152 p. :</subfield>
    <subfield code="b">ill. ;</subfield>
    <subfield code="c">21 cm.</subfield>
  </datafield>
  <datafield tag="520" ind1=" " ind2=" ">
    <subfield code="a">An episode from the epic of legendary character, King Gesar.</subfield>
  </datafield>
  <datafield tag="546" ind1=" " ind2=" ">
    <subfield code="a">In Tibetan.</subfield>
  </datafield>
  <datafield tag="650" ind1=" " ind2="0">
    <subfield code="a">Gesar (Legendary character)</subfield>
  </datafield>
</record>