

<record xmlns="http://www.loc.gov/MARC21/slim"
xmlns:xsi="http://www.w3.org/2001/XMLSchema-instance"
xsi:schemaLocation="http://www.loc.gov/MARC21/slim
http://www.loc.gov/standards/marcxml/schema/MARC21slim.xsd">
  <leader>     nam a22     4a 4500</leader>
  <controlfield tag="001">010301998-7</controlfield>
  <controlfield tag="005">20081201151843.0</controlfield>
  <controlfield tag="008">070504s2001    cc            000|0 tib|d</controlfield>
  <datafield tag="020" ind1=" " ind2=" ">
    <subfield code="a">7223013893</subfield>
  </datafield>
  <datafield tag="035" ind1="0" ind2=" ">
    <subfield code="a">ocn237333453</subfield>
  </datafield>
  <datafield tag="100" ind1="0" ind2=" ">
    <subfield code="a">Bstan-ʼdzin-ʼgyur-med.</subfield>
  </datafield>
  <datafield tag="245" ind1="1" ind2="0">
    <subfield code="a">Dbu med kyi gzugs la ʼjug paʼi sgo /</subfield>
    <subfield code="c">La-mo-ba Bstan-ʼdzin-ʼgyur-med kyis brtsams.</subfield>
  </datafield>
  <datafield tag="260" ind1=" " ind2=" ">
    <subfield code="a">[Lha-sa], Bod-ljoṅs :</subfield>
    <subfield code="b">Mi-dmaṅs-dpe-skun khaṅ,</subfield>
    <subfield code="c">2001.</subfield>
  </datafield>
  <datafield tag="300" ind1=" " ind2=" ">
    <subfield code="a">89 p. ;</subfield>
    <subfield code="c">19 x 26 cm.</subfield>
  </datafield>
  <datafield tag="500" ind1=" " ind2=" ">
    <subfield code="a">Handbook explaining Tibetan handwriting (dbu-med script).</subfield>
  </datafield>
  <datafield tag="546" ind1=" " ind2=" ">
    <subfield code="a">In Tibetan.</subfield>
  </datafield>
  <datafield tag="650" ind1=" " ind2="0">
    <subfield code="a">Tibetan language</subfield>
    <subfield code="x">Writing.</subfield>
  </datafield>
  <datafield tag="650" ind1=" " ind2="0">
    <subfield code="a">Penmanship.</subfield>
  </datafield>
</record>