

<record xmlns="http://www.loc.gov/MARC21/slim"
xmlns:xsi="http://www.w3.org/2001/XMLSchema-instance"
xsi:schemaLocation="http://www.loc.gov/MARC21/slim
http://www.loc.gov/standards/marcxml/schema/MARC21slim.xsd">
  <leader>     ngm a22     7a 4500</leader>
  <controlfield tag="001">010307302-7</controlfield>
  <controlfield tag="005">20070523115905.0</controlfield>
  <controlfield tag="008">070510s200u    cc 000| |||||  |||vltib d</controlfield>
  <datafield tag="041" ind1=" " ind2=" ">
    <subfield code="a">tib</subfield>
    <subfield code="h">chi</subfield>
  </datafield>
  <datafield tag="043" ind1=" " ind2=" ">
    <subfield code="a">a-ii---</subfield>
    <subfield code="a">a-cc---</subfield>
  </datafield>
  <datafield tag="245" ind1="0" ind2="0">
    <subfield code="6">880-01</subfield>
    <subfield code="a">Xi you ji</subfield>
    <subfield code="h">[videorecording]=</subfield>
    <subfield code="b">nu-bskyod-zin-gris =</subfield>
    <subfield code="c">thang-sin-bla-ma&apos;i-rnam-thar.</subfield>
  </datafield>
  <datafield tag="246" ind1="3" ind2=" ">
    <subfield code="a">Nub-bskyod-zin-bris : thang-sin-bla-ma&apos;i-rnam thar.</subfield>
  </datafield>
  <datafield tag="260" ind1=" " ind2=" ">
    <subfield code="a">[Beijing] :</subfield>
    <subfield code="b">[Zhongguo guo ji dian shi zong gong si chu ban],</subfield>
    <subfield code="c">[200-]</subfield>
  </datafield>
  <datafield tag="300" ind1=" " ind2=" ">
    <subfield code="a">25 videodiscs in 1 container :</subfield>
    <subfield code="b">sd., col. ;</subfield>
    <subfield code="c">4 3/4 in.</subfield>
  </datafield>
  <datafield tag="538" ind1=" " ind2=" ">
    <subfield code="a">VCD.</subfield>
  </datafield>
  <datafield tag="546" ind1=" " ind2=" ">
    <subfield code="a">Dubbed in Tibetan.</subfield>
  </datafield>
  <datafield tag="500" ind1=" " ind2=" ">
    <subfield code="a">&quot;Television series in 25 parts&quot;--Container.</subfield>
  </datafield>
  <datafield tag="511" ind1="1" ind2=" ">
    <subfield code="6">880-02</subfield>
    <subfield code="a">六小龄童, 迟重瑞, 马德华.</subfield>
  </datafield>
  <datafield tag="508" ind1=" " ind2=" ">
    <subfield code="6">880-03</subfield>
    <subfield code="a">编剧戴英禄, 邹艺青,杨洁 ；摄像王崇秋 ; 音乐许镜清.</subfield>
  </datafield>
  <datafield tag="500" ind1=" " ind2=" ">
    <subfield code="a">原著吳承恩.</subfield>
  </datafield>
  <datafield tag="500" ind1=" " ind2=" ">
    <subfield code="a">Based on the original story by Wu Cheng&apos;en.</subfield>
  </datafield>
  <datafield tag="520" ind1=" " ind2=" ">
    <subfield code="a">Mythical tales of various Buddhist pilgrims journeying to India are told in this television series based on the traditional Chinese folk novel by Wu Cheng&apos;en.</subfield>
  </datafield>
  <datafield tag="600" ind1="0" ind2="0">
    <subfield code="a">Xuanzang,</subfield>
    <subfield code="d">approximately 596-664</subfield>
    <subfield code="x">Travel</subfield>
    <subfield code="z">India</subfield>
    <subfield code="v">Drama</subfield>
  </datafield>
  <datafield tag="655" ind1=" " ind2="0">
    <subfield code="a">Television programs</subfield>
    <subfield code="z">China.</subfield>
  </datafield>
  <datafield tag="655" ind1=" " ind2="7">
    <subfield code="a">VCD-video discs.</subfield>
    <subfield code="2">local</subfield>
  </datafield>
  <datafield tag="700" ind1="1" ind2=" ">
    <subfield code="6">880-05</subfield>
    <subfield code="a">杨洁,</subfield>
    <subfield code="c">television play director.</subfield>
  </datafield>
  <datafield tag="700" ind1="1" ind2=" ">
    <subfield code="6">880-06</subfield>
    <subfield code="a">六小齡童,</subfield>
    <subfield code="d">1959-</subfield>
  </datafield>
  <datafield tag="700" ind1="1" ind2=" ">
    <subfield code="6">880-07</subfield>
    <subfield code="a">迟重瑞.</subfield>
  </datafield>
  <datafield tag="700" ind1="1" ind2=" ">
    <subfield code="6">880-08</subfield>
    <subfield code="a">马德华.</subfield>
  </datafield>
  <datafield tag="700" ind1="1" ind2=" ">
    <subfield code="6">880-04</subfield>
    <subfield code="a">吳承恩,</subfield>
    <subfield code="d">approximately 1500-approximately 1582.</subfield>
    <subfield code="t">西遊记.</subfield>
  </datafield>
  <datafield tag="880" ind1="0" ind2="0">
    <subfield code="6">245-01</subfield>
    <subfield code="a">西游记</subfield>
    <subfield code="h">[videorecording] /</subfield>
    <subfield code="c">中国国际电视总公司</subfield>
  </datafield>
  <datafield tag="880" ind1="1" ind2=" ">
    <subfield code="6">511-02</subfield>
    <subfield code="a">Liuxiaolingtong, Chi Chongrui, Ma Dehua.</subfield>
  </datafield>
  <datafield tag="880" ind1=" " ind2=" ">
    <subfield code="6">508-03</subfield>
    <subfield code="a">Scriptwriters, Dai Yinglu, Zou Yiqing, Yang Jie ; director of photography, Wang Chongqiu ; music, Xu Jingqing.</subfield>
  </datafield>
  <datafield tag="880" ind1="1" ind2=" ">
    <subfield code="6">700-05</subfield>
    <subfield code="a">Yang, Jie,</subfield>
    <subfield code="c">television play director.</subfield>
  </datafield>
  <datafield tag="880" ind1="1" ind2=" ">
    <subfield code="6">700-06</subfield>
    <subfield code="a">Liuxiaolingtong,</subfield>
    <subfield code="d">1959-</subfield>
  </datafield>
  <datafield tag="880" ind1="1" ind2=" ">
    <subfield code="6">700-07</subfield>
    <subfield code="a">Chi, Chongrui.</subfield>
  </datafield>
  <datafield tag="880" ind1="1" ind2=" ">
    <subfield code="6">700-08</subfield>
    <subfield code="a">Ma, Dehua.</subfield>
  </datafield>
  <datafield tag="880" ind1="1" ind2=" ">
    <subfield code="6">700-04</subfield>
    <subfield code="a">Wu, Cheng&apos;en,</subfield>
    <subfield code="d">approximately 1500-approximately 1582.</subfield>
    <subfield code="t">Xi you ji.</subfield>
  </datafield>
</record>