

<record xmlns="http://www.loc.gov/MARC21/slim"
xmlns:xsi="http://www.w3.org/2001/XMLSchema-instance"
xsi:schemaLocation="http://www.loc.gov/MARC21/slim
http://www.loc.gov/standards/marcxml/schema/MARC21slim.xsd">
  <leader>     ngm a22     7a 4500</leader>
  <controlfield tag="001">010376377-5</controlfield>
  <controlfield tag="005">20070523114346.0</controlfield>
  <controlfield tag="008">070516s2000    cc 000| |||||  |||v|tib d</controlfield>
  <datafield tag="041" ind1=" " ind2=" ">
    <subfield code="a">tib</subfield>
    <subfield code="h">chi</subfield>
  </datafield>
  <datafield tag="043" ind1=" " ind2=" ">
    <subfield code="a">a-cc---</subfield>
  </datafield>
  <datafield tag="245" ind1="0" ind2="0">
    <subfield code="a">Wengchen gong zhu</subfield>
    <subfield code="h">[videorecording] =</subfield>
    <subfield code="b">The queen of Tibet</subfield>
  </datafield>
  <datafield tag="246" ind1="3" ind2=" ">
    <subfield code="a">文成公主</subfield>
  </datafield>
  <datafield tag="246" ind1="3" ind2=" ">
    <subfield code="a">Mun-shing-kong-jo</subfield>
  </datafield>
  <datafield tag="246" ind1="3" ind2="1">
    <subfield code="a">Queen of Tibet</subfield>
  </datafield>
  <datafield tag="260" ind1=" " ind2=" ">
    <subfield code="a">[Beijing] :</subfield>
    <subfield code="b">China Central Television Production Center,</subfield>
    <subfield code="c">2000.</subfield>
  </datafield>
  <datafield tag="300" ind1=" " ind2=" ">
    <subfield code="a">20 videodiscs :</subfield>
    <subfield code="b">sd., col. ;</subfield>
    <subfield code="c">4 3/4 in.</subfield>
  </datafield>
  <datafield tag="538" ind1=" " ind2=" ">
    <subfield code="a">VCD.</subfield>
  </datafield>
  <datafield tag="546" ind1=" " ind2=" ">
    <subfield code="a">Tibetan and Chinese.</subfield>
  </datafield>
  <datafield tag="520" ind1=" " ind2=" ">
    <subfield code="a">A story of Princess Wencheng of the Tang dynasty, who was married to the King of Tibet.</subfield>
  </datafield>
  <datafield tag="500" ind1=" " ind2=" ">
    <subfield code="a">Television series in 20 parts.</subfield>
  </datafield>
  <datafield tag="500" ind1=" " ind2=" ">
    <subfield code="a">&quot;Bod-skad-kyi-brnyan-thag&quot;--Container.</subfield>
  </datafield>
  <datafield tag="600" ind1="0" ind2="0">
    <subfield code="6">880-01</subfield>
    <subfield code="a">文成公主,</subfield>
    <subfield code="d">-680</subfield>
    <subfield code="v">Drama.</subfield>
  </datafield>
  <datafield tag="655" ind1=" " ind2="7">
    <subfield code="a">VCD-Video discs.</subfield>
    <subfield code="2">local</subfield>
  </datafield>
  <datafield tag="700" ind1="1" ind2=" ">
    <subfield code="a">Cai, Xiaoquing.</subfield>
  </datafield>
  <datafield tag="700" ind1="1" ind2=" ">
    <subfield code="a">Cao, Ying.</subfield>
  </datafield>
  <datafield tag="700" ind1="0" ind2=" ">
    <subfield code="a">Ren-qing-dun-zhu.</subfield>
  </datafield>
  <datafield tag="700" ind1="1" ind2=" ">
    <subfield code="a">Hong, Yuzhou.</subfield>
  </datafield>
  <datafield tag="710" ind1="2" ind2=" ">
    <subfield code="a">China International TV Corporation.</subfield>
  </datafield>
  <datafield tag="880" ind1="0" ind2="0">
    <subfield code="6">600-01</subfield>
    <subfield code="a">Wencheng gong zhu,</subfield>
    <subfield code="d">-680</subfield>
    <subfield code="v">Drama</subfield>
  </datafield>
</record>