

<record xmlns="http://www.loc.gov/MARC21/slim"
xmlns:xsi="http://www.w3.org/2001/XMLSchema-instance"
xsi:schemaLocation="http://www.loc.gov/MARC21/slim
http://www.loc.gov/standards/marcxml/schema/MARC21slim.xsd">
  <leader>     cas a22004811a 4500</leader>
  <controlfield tag="001">010550681-8</controlfield>
  <controlfield tag="005">20121031110939.0</controlfield>
  <controlfield tag="008">800912c19uu9999ii mr p       0    0tibo</controlfield>
  <datafield tag="010" ind1=" " ind2=" ">
    <subfield code="a">   74905252</subfield>
  </datafield>
  <datafield tag="010" ind1=" " ind2=" ">
    <subfield code="a">   74905252</subfield>
  </datafield>
  <datafield tag="025" ind1=" " ind2=" ">
    <subfield code="a">I-D-Tib-1</subfield>
  </datafield>
  <datafield tag="035" ind1=" " ind2=" ">
    <subfield code="a">(Crl)b14618047</subfield>
  </datafield>
  <datafield tag="035" ind1="0" ind2=" ">
    <subfield code="a">ocm06705867</subfield>
  </datafield>
  <datafield tag="040" ind1=" " ind2=" ">
    <subfield code="a">GZM</subfield>
    <subfield code="c">GZM</subfield>
    <subfield code="d">ZCU</subfield>
    <subfield code="d">DLC</subfield>
    <subfield code="d">MH</subfield>
  </datafield>
  <datafield tag="042" ind1=" " ind2=" ">
    <subfield code="a">pcc</subfield>
  </datafield>
  <datafield tag="043" ind1=" " ind2=" ">
    <subfield code="a">a-cc-ti</subfield>
    <subfield code="a">a-ii---</subfield>
  </datafield>
  <datafield tag="050" ind1="0" ind2="0">
    <subfield code="a">DS786</subfield>
    <subfield code="b">.S46</subfield>
  </datafield>
  <datafield tag="050" ind1=" " ind2="4">
    <subfield code="a">BQ1</subfield>
    <subfield code="b">.S4</subfield>
  </datafield>
  <datafield tag="245" ind1="0" ind2="0">
    <subfield code="a">Sés bya.</subfield>
  </datafield>
  <datafield tag="246" ind1="1" ind2="5">
    <subfield code="a">Sheja.</subfield>
  </datafield>
  <datafield tag="260" ind1=" " ind2=" ">
    <subfield code="3">&lt;1971-200u&gt;:</subfield>
    <subfield code="a">Dharamsala :</subfield>
    <subfield code="b">Editorial Board of Sheja.</subfield>
  </datafield>
  <datafield tag="260" ind1="3" ind2=" ">
    <subfield code="3">&lt;2008-&gt; :</subfield>
    <subfield code="a">Dharmsala :</subfield>
    <subfield code="b">Bod-gźuṅ Phyi-dril Las-khuṅs.</subfield>
  </datafield>
  <datafield tag="300" ind1=" " ind2=" ">
    <subfield code="a">v. :</subfield>
    <subfield code="b">ill. (some col.) ;</subfield>
    <subfield code="c">27 cm.</subfield>
  </datafield>
  <datafield tag="310" ind1=" " ind2=" ">
    <subfield code="a">Monthly.</subfield>
  </datafield>
  <datafield tag="500" ind1=" " ind2=" ">
    <subfield code="a">Issues for &lt;2008- &gt; have subtitle: Bstan byol Bod-gźuṅ gi gźuṅ &apos;brel śes bya dus deb.</subfield>
  </datafield>
  <datafield tag="515" ind1=" " ind2=" ">
    <subfield code="a">Some issues not published.</subfield>
  </datafield>
  <datafield tag="520" ind1=" " ind2=" ">
    <subfield code="a">Monthly magazine of Exiled Tibetan Govt. predomiantly on political issues of Tibet; includes social conditions of Tibetans in India.</subfield>
  </datafield>
  <datafield tag="588" ind1=" " ind2=" ">
    <subfield code="a">Description based on: Mar. 1969; title from cover.</subfield>
  </datafield>
  <datafield tag="588" ind1=" " ind2=" ">
    <subfield code="a">Latest issue consulted: Lo 43, aṅ 3 (Mar. 2010)</subfield>
  </datafield>
  <datafield tag="651" ind1=" " ind2="0">
    <subfield code="a">Tibet (China)</subfield>
    <subfield code="x">Politics and government</subfield>
    <subfield code="y">1951-</subfield>
    <subfield code="v">Periodicals.</subfield>
  </datafield>
  <datafield tag="650" ind1=" " ind2="0">
    <subfield code="a">Tibetans</subfield>
    <subfield code="z">India</subfield>
    <subfield code="x">Social conditions</subfield>
    <subfield code="v">Periodicals.</subfield>
  </datafield>
  <datafield tag="710" ind1="2" ind2=" ">
    <subfield code="a">Central Tibetan Administration-in-Exile (India).</subfield>
    <subfield code="b">Department of Information and International Relations.</subfield>
  </datafield>
  <datafield tag="776" ind1="0" ind2="8">
    <subfield code="i">Online version:</subfield>
    <subfield code="t">Sés bya</subfield>
    <subfield code="w">(OCoLC)607063160.</subfield>
  </datafield>
</record>