

<record xmlns="http://www.loc.gov/MARC21/slim"
xmlns:xsi="http://www.w3.org/2001/XMLSchema-instance"
xsi:schemaLocation="http://www.loc.gov/MARC21/slim
http://www.loc.gov/standards/marcxml/schema/MARC21slim.xsd">
  <leader>     ctm a2200253Ii 4500</leader>
  <controlfield tag="001">010572471-8</controlfield>
  <controlfield tag="005">20070618113119.0</controlfield>
  <controlfield tag="008">070615nuuuuuuuucc            000 0 tib d</controlfield>
  <datafield tag="035" ind1="0" ind2=" ">
    <subfield code="a">ocn144587299</subfield>
  </datafield>
  <datafield tag="040" ind1=" " ind2=" ">
    <subfield code="a">HMY</subfield>
    <subfield code="c">HMY</subfield>
    <subfield code="d">HMY</subfield>
  </datafield>
  <datafield tag="100" ind1="0" ind2=" ">
    <subfield code="a">Gʹyu-thog Yon-tan-mgon-po,</subfield>
    <subfield code="d">active 11th century.</subfield>
  </datafield>
  <datafield tag="245" ind1="1" ind2="0">
    <subfield code="a">Bdud rtsi snying po yan lag brgyad pa gsang ba man ngag gi rgyud /</subfield>
    <subfield code="c">Gʼyu-thog Yon-tan-mgon-po.</subfield>
  </datafield>
  <datafield tag="246" ind1="3" ind2=" ">
    <subfield code="a">Bdud rtsi snying po yan lag brgyad pa gsang ba man ngag gi rgyud las dum bu dang po rtsa ba&apos;i rgyud ces bya ba bzhugs so</subfield>
  </datafield>
  <datafield tag="260" ind1=" " ind2=" ">
    <subfield code="a">[Tibet :</subfield>
    <subfield code="b">s.n.,</subfield>
    <subfield code="c">n.d.]</subfield>
  </datafield>
  <datafield tag="300" ind1=" " ind2=" ">
    <subfield code="a">1 v. ;</subfield>
    <subfield code="c">29 x 10 cm.</subfield>
  </datafield>
  <datafield tag="500" ind1=" " ind2=" ">
    <subfield code="a">In Tibetan.</subfield>
  </datafield>
  <datafield tag="500" ind1=" " ind2=" ">
    <subfield code="a">Written in black ink with orange sides, written area is about 24.2 x 7 cm.</subfield>
  </datafield>
  <datafield tag="500" ind1=" " ind2=" ">
    <subfield code="a">The standard pages have 6 lines of text on each side.</subfield>
  </datafield>
  <datafield tag="650" ind1=" " ind2="0">
    <subfield code="a">Medicine, Tibetan.</subfield>
  </datafield>
  <datafield tag="049" ind1=" " ind2=" ">
    <subfield code="a">HMYH</subfield>
    <subfield code="o">d</subfield>
  </datafield>
</record>