

<record xmlns="http://www.loc.gov/MARC21/slim"
xmlns:xsi="http://www.w3.org/2001/XMLSchema-instance"
xsi:schemaLocation="http://www.loc.gov/MARC21/slim
http://www.loc.gov/standards/marcxml/schema/MARC21slim.xsd">
  <leader>     cam a2200253Ii 4500</leader>
  <controlfield tag="001">010572624-9</controlfield>
  <controlfield tag="005">20070618113204.0</controlfield>
  <controlfield tag="008">070615nuuuuuuuucc            000 0 tib d</controlfield>
  <datafield tag="035" ind1="0" ind2=" ">
    <subfield code="a">ocn144590006</subfield>
  </datafield>
  <datafield tag="040" ind1=" " ind2=" ">
    <subfield code="a">HMY</subfield>
    <subfield code="c">HMY</subfield>
    <subfield code="d">HMY</subfield>
  </datafield>
  <datafield tag="245" ind1="0" ind2="0">
    <subfield code="a">Gsol bdebs bar chad la msol? bzhugs so .</subfield>
    <subfield code="b">Rta gzungs lnga bzhugs so . Klu &apos;bum dkar po bzhugs so . Dpal rdo rje sder mo&apos;i gzungs zhes bya ba bzhugs so . Manjusrinamasa giti .</subfield>
    <subfield code="p">&apos;Phags pa&apos;jam dpal gyi mtshan brjod pa.</subfield>
  </datafield>
  <datafield tag="260" ind1=" " ind2=" ">
    <subfield code="a">[Tibet :</subfield>
    <subfield code="b">s.n.,</subfield>
    <subfield code="c">n.d.]</subfield>
  </datafield>
  <datafield tag="300" ind1=" " ind2=" ">
    <subfield code="a">5 v. ;</subfield>
    <subfield code="c">27 x 8 cm.</subfield>
  </datafield>
  <datafield tag="500" ind1=" " ind2=" ">
    <subfield code="a">In Tibetan.</subfield>
  </datafield>
  <datafield tag="500" ind1=" " ind2=" ">
    <subfield code="a">Printed in black ink.</subfield>
  </datafield>
  <datafield tag="740" ind1="0" ind2="2">
    <subfield code="a">Rta gzungs lnga bzhugs so.</subfield>
  </datafield>
  <datafield tag="740" ind1="0" ind2="2">
    <subfield code="a">Klu &apos;bum dkar po bzhugs so.</subfield>
  </datafield>
  <datafield tag="740" ind1="0" ind2="2">
    <subfield code="a">Dpal rdo rje sder mo&apos;i gzungs zhes bya ba bzhugs so</subfield>
  </datafield>
  <datafield tag="740" ind1="0" ind2="2">
    <subfield code="a">Manjusrinamasa giti.</subfield>
  </datafield>
  <datafield tag="049" ind1=" " ind2=" ">
    <subfield code="a">HMYH</subfield>
    <subfield code="o">d</subfield>
  </datafield>
</record>