

<record xmlns="http://www.loc.gov/MARC21/slim"
xmlns:xsi="http://www.w3.org/2001/XMLSchema-instance"
xsi:schemaLocation="http://www.loc.gov/MARC21/slim
http://www.loc.gov/standards/marcxml/schema/MARC21slim.xsd">
  <leader>     cam a2200469Ia 4500</leader>
  <controlfield tag="001">010896013-7</controlfield>
  <controlfield tag="005">20121031114504.0</controlfield>
  <controlfield tag="008">020419s1978    ii a          000 0 tib d</controlfield>
  <datafield tag="035" ind1=" " ind2=" ">
    <subfield code="a">(Crl)b15580878</subfield>
  </datafield>
  <datafield tag="035" ind1="0" ind2=" ">
    <subfield code="a">ocm49623449</subfield>
  </datafield>
  <datafield tag="040" ind1=" " ind2=" ">
    <subfield code="a">CRL</subfield>
    <subfield code="c">CRL</subfield>
    <subfield code="d">MH</subfield>
  </datafield>
  <datafield tag="130" ind1="0" ind2=" ">
    <subfield code="a">Kanjur.</subfield>
    <subfield code="p">Rgyud ʼbum.</subfield>
  </datafield>
  <datafield tag="245" ind1="1" ind2="4">
    <subfield code="a">The Sde-dge Mtshal-par Bkaʼ-ʼgyur.</subfield>
    <subfield code="n">BA PA [v. 91].</subfield>
    <subfield code="p">Rgyud ʼbum :</subfield>
    <subfield code="b">a facsimile edition of the 18th century redaction of Si-tu Chos-kyi-ʼbyuṅ-gnas /</subfield>
    <subfield code="c">prepared under the direction of H.H the 16th Rgyal-dbaṅ Karma-pa.</subfield>
  </datafield>
  <datafield tag="246" ind1="1" ind2=" ">
    <subfield code="i">Margin title:</subfield>
    <subfield code="a">Rgyud ʼbum.</subfield>
  </datafield>
  <datafield tag="260" ind1=" " ind2=" ">
    <subfield code="a">Delhi :</subfield>
    <subfield code="b">Delhi Karmapae Chodhey Gyalwae Sungrab Partun Khang,</subfield>
    <subfield code="c">1978.</subfield>
  </datafield>
  <datafield tag="300" ind1=" " ind2=" ">
    <subfield code="a">773 p. :</subfield>
    <subfield code="b">ill. ;</subfield>
    <subfield code="c">13 x 55 cm.</subfield>
  </datafield>
  <datafield tag="500" ind1=" " ind2=" ">
    <subfield code="a">Translated by: Ye-śes sñiṅ po, Pa-tshab Lo-tsā-ba Ñi-ma-grags, and others.</subfield>
  </datafield>
  <datafield tag="505" ind1="0" ind2=" ">
    <subfield code="a">Khro bo rnam par rgyal baʼi rtog pa gsaṅ baʼi rgyud = [Krodhavijayakalpaguhyatantra]</subfield>
  </datafield>
  <datafield tag="630" ind1="0" ind2="0">
    <subfield code="a">Tripiṭaka.</subfield>
    <subfield code="p">Sūtrapiṭaka.</subfield>
    <subfield code="p">Tantra</subfield>
    <subfield code="p">Krodhavijayakalpaguhyatantra</subfield>
    <subfield code="v">Early works to 1800.</subfield>
  </datafield>
  <datafield tag="650" ind1=" " ind2="0">
    <subfield code="a">Buddhism</subfield>
    <subfield code="x">Sacred books.</subfield>
  </datafield>
  <datafield tag="650" ind1=" " ind2="0">
    <subfield code="a">Buddhist literature, Tibetan.</subfield>
  </datafield>
  <datafield tag="650" ind1=" " ind2="0">
    <subfield code="a">Tibetan language</subfield>
    <subfield code="x">Texts.</subfield>
  </datafield>
  <datafield tag="650" ind1=" " ind2="0">
    <subfield code="a">Tantric Buddhism.</subfield>
  </datafield>
  <datafield tag="650" ind1=" " ind2="0">
    <subfield code="a">Tantric Buddhism</subfield>
    <subfield code="x">Rituals.</subfield>
  </datafield>
  <datafield tag="650" ind1=" " ind2="0">
    <subfield code="a">Incantations.</subfield>
  </datafield>
  <datafield tag="650" ind1=" " ind2="0">
    <subfield code="a">Mañjuśrī (Buddhist deity)</subfield>
  </datafield>
  <datafield tag="650" ind1=" " ind2="0">
    <subfield code="a">Vajrabhairava (Buddhist deity)</subfield>
  </datafield>
  <datafield tag="650" ind1=" " ind2="0">
    <subfield code="a">Acala (Buddhist deity)</subfield>
  </datafield>
  <datafield tag="650" ind1=" " ind2="0">
    <subfield code="a">Vajrapāṇi (Buddhist deity)</subfield>
  </datafield>
  <datafield tag="650" ind1=" " ind2="0">
    <subfield code="a">Mahākāla (Buddhist deity)</subfield>
  </datafield>
  <datafield tag="650" ind1=" " ind2="0">
    <subfield code="a">Amitābha (Buddhist deity)</subfield>
  </datafield>
  <datafield tag="700" ind1="0" ind2=" ">
    <subfield code="a">Ye-śes sñiṅ-po,</subfield>
    <subfield code="d">active 9th century.</subfield>
  </datafield>
  <datafield tag="700" ind1="0" ind2=" ">
    <subfield code="a">Pa-tshab Lo-tsā-ba Ñi-ma-grags,</subfield>
    <subfield code="d">1055-</subfield>
  </datafield>
  <datafield tag="700" ind1="0" ind2=" ">
    <subfield code="a">Si-tu Paṇ-chen Chos-kyi-ʼbyuṅ-gnas,</subfield>
    <subfield code="d">1699 or 1700-1774.</subfield>
  </datafield>
  <datafield tag="700" ind1="0" ind2=" ">
    <subfield code="a">Raṅ-byuṅ-rig-paʼi-rdo-rje,</subfield>
    <subfield code="c">Karma-pa XVI,</subfield>
    <subfield code="d">1924-</subfield>
  </datafield>
  <datafield tag="740" ind1="0" ind2="2">
    <subfield code="a">Khro bo rnam par rgyal baʼi rtog pa gsaṅ baʼi rgyud.</subfield>
  </datafield>
</record>