

<record xmlns="http://www.loc.gov/MARC21/slim"
xmlns:xsi="http://www.w3.org/2001/XMLSchema-instance"
xsi:schemaLocation="http://www.loc.gov/MARC21/slim
http://www.loc.gov/standards/marcxml/schema/MARC21slim.xsd">
  <leader>     cam a22003851a 4504</leader>
  <controlfield tag="001">010896101-X</controlfield>
  <controlfield tag="005">20070918194506.0</controlfield>
  <controlfield tag="008">020516s1977    ii a          000 0 tib c</controlfield>
  <datafield tag="035" ind1=" " ind2=" ">
    <subfield code="a">(Crl)b15613811</subfield>
  </datafield>
  <datafield tag="035" ind1="0" ind2=" ">
    <subfield code="a">ocm49803681</subfield>
  </datafield>
  <datafield tag="040" ind1=" " ind2=" ">
    <subfield code="a">CRL</subfield>
    <subfield code="c">CRL</subfield>
    <subfield code="d">MH</subfield>
  </datafield>
  <datafield tag="042" ind1=" " ind2=" ">
    <subfield code="a">pcc</subfield>
  </datafield>
  <datafield tag="130" ind1="0" ind2=" ">
    <subfield code="a">Kanjur</subfield>
    <subfield code="p">Dus ʼgrel.</subfield>
  </datafield>
  <datafield tag="245" ind1="1" ind2="4">
    <subfield code="a">The Sde-dge Mtshal-par Bkaʼ-ʼgyur.</subfield>
    <subfield code="n">ŚRĪ [v. 102].</subfield>
    <subfield code="p">Dus ʼgrel :</subfield>
    <subfield code="b">a facsimile edition of the 18th century redaction of Si-tu Chos-kyi-ʼbyuṅ-gnas /</subfield>
    <subfield code="c">prepared under the direction of H.H the 16th Rgyal-dbaṅ Karma-pa.</subfield>
  </datafield>
  <datafield tag="246" ind1="3" ind2="0">
    <subfield code="a">Dus ʼgrel.</subfield>
  </datafield>
  <datafield tag="246" ind1="1" ind2=" ">
    <subfield code="i">Margin title:</subfield>
    <subfield code="a">Dri med ʼod.</subfield>
  </datafield>
  <datafield tag="260" ind1=" " ind2=" ">
    <subfield code="a">Delhi :</subfield>
    <subfield code="b">Delhi Karmapae Chodhey Gyalwae Sungrab Partun Khang,</subfield>
    <subfield code="c">1977.</subfield>
  </datafield>
  <datafield tag="300" ind1=" " ind2=" ">
    <subfield code="a">709 p. :</subfield>
    <subfield code="b">ill. ;</subfield>
    <subfield code="c">13 x 55 cm.</subfield>
  </datafield>
  <datafield tag="500" ind1=" " ind2=" ">
    <subfield code="a">Translator: Kashmiri Somanātha.</subfield>
  </datafield>
  <datafield tag="505" ind1="0" ind2=" ">
    <subfield code="a">Bsdus paʼi rgyud rgyal po dus kyi ʼkhor loʼi ʼgrel bśad rtsa baʼi rgyud kyi rjes su ʼjug pa stoṅ phrag bcu gñis pa dri ma med paʼi ʼod ces bya ba = Vimalaprabhā-nāma-mūlatantrānusāriṇī-dvādaśasāhasrikā-Laghukālacakratantrarāja-ṭīkā.</subfield>
  </datafield>
  <datafield tag="650" ind1=" " ind2="0">
    <subfield code="a">Buddhism</subfield>
    <subfield code="v">Sacred books.</subfield>
  </datafield>
  <datafield tag="630" ind1="0" ind2="0">
    <subfield code="a">Tripiṭaka.</subfield>
    <subfield code="p">Sūtrapiṭaka.</subfield>
    <subfield code="p">Tantra.</subfield>
    <subfield code="p">Vimalaprabhā-nāma-mūlatantrānusāriṇī-dvādaśasāhasrikā-Laghukālacakratantrarāja-ṭīkā</subfield>
    <subfield code="v">Early works to 1800.</subfield>
  </datafield>
  <datafield tag="650" ind1=" " ind2="0">
    <subfield code="a">Buddhist literature, Tibetan.</subfield>
  </datafield>
  <datafield tag="650" ind1=" " ind2="0">
    <subfield code="a">Tibetan language</subfield>
    <subfield code="x">Texts.</subfield>
  </datafield>
  <datafield tag="650" ind1=" " ind2="0">
    <subfield code="a">Tantric Buddhism.</subfield>
  </datafield>
  <datafield tag="650" ind1=" " ind2="0">
    <subfield code="a">Kālacakra (Tantric rite)</subfield>
  </datafield>
  <datafield tag="650" ind1=" " ind2="0">
    <subfield code="a">Hermeneutics</subfield>
    <subfield code="x">Religious aspects</subfield>
    <subfield code="x">Buddhism.</subfield>
  </datafield>
  <datafield tag="700" ind1="0" ind2=" ">
    <subfield code="a">Si-tu Paṇ-chen Chos-kyi-ʼbyuṅ-gnas,</subfield>
    <subfield code="d">1699 or 1700-1774.</subfield>
  </datafield>
  <datafield tag="700" ind1="0" ind2=" ">
    <subfield code="a">Raṅ-byuṅ-rig-paʼi-rdo-rje,</subfield>
    <subfield code="c">Karma-pa XVI,</subfield>
    <subfield code="d">1924-</subfield>
  </datafield>
  <datafield tag="700" ind1="0" ind2=" ">
    <subfield code="a">Kashmiri Somanātha,</subfield>
    <subfield code="d">active 11th century.</subfield>
  </datafield>
  <datafield tag="740" ind1="0" ind2="2">
    <subfield code="a">Bsdus paʼi rgyud rgyal po dus kyi ʼkhor loʼi ʼgrel bśad rtsa baʼi rgyud kyi rjes su ʼjug pa stoṅ phrag bcu gñis pa dri ma med paʼi ʼod ces bya ba.</subfield>
  </datafield>
</record>