

<record xmlns="http://www.loc.gov/MARC21/slim"
xmlns:xsi="http://www.w3.org/2001/XMLSchema-instance"
xsi:schemaLocation="http://www.loc.gov/MARC21/slim
http://www.loc.gov/standards/marcxml/schema/MARC21slim.xsd">
  <leader>     cam a22004451a 4504</leader>
  <controlfield tag="001">010896322-5</controlfield>
  <controlfield tag="005">20070918194511.0</controlfield>
  <controlfield tag="008">020426s1977    ii a          000 0 tib c</controlfield>
  <datafield tag="035" ind1=" " ind2=" ">
    <subfield code="a">(Crl)b15860541</subfield>
  </datafield>
  <datafield tag="035" ind1="0" ind2=" ">
    <subfield code="a">ocm49677469</subfield>
  </datafield>
  <datafield tag="040" ind1=" " ind2=" ">
    <subfield code="a">CRL</subfield>
    <subfield code="c">CRL</subfield>
    <subfield code="d">MH</subfield>
  </datafield>
  <datafield tag="042" ind1=" " ind2=" ">
    <subfield code="a">pcc</subfield>
  </datafield>
  <datafield tag="130" ind1="0" ind2=" ">
    <subfield code="a">Kanjur</subfield>
    <subfield code="p">Rñiṅ rgyud.</subfield>
  </datafield>
  <datafield tag="245" ind1="1" ind2="4">
    <subfield code="a">The Sde-dge Mtshal-par Bkaʼ-ʼgyur.</subfield>
    <subfield code="n">KHA PA [v. 98].</subfield>
    <subfield code="p">Rñiṅ rgyud :</subfield>
    <subfield code="b">a facsimile edition of the 18th century redaction of Si-tu Chos-kyi-ʼbyuṅ-gnas /</subfield>
    <subfield code="c">prepared under the direction of H.H the 16th Rgyal-dbaṅ Karma-pa.</subfield>
  </datafield>
  <datafield tag="246" ind1="1" ind2=" ">
    <subfield code="i">Margin title:</subfield>
    <subfield code="a">Rñiṅ rgyud.</subfield>
  </datafield>
  <datafield tag="246" ind1="3" ind2=" ">
    <subfield code="a">Rdo rje bkod pa Kun ʼdus rig paʼi mdo.</subfield>
  </datafield>
  <datafield tag="260" ind1=" " ind2=" ">
    <subfield code="a">Delhi :</subfield>
    <subfield code="b">Delhi Karmapae Chodhey Gyalwae Sungrab Partun Khang,</subfield>
    <subfield code="c">1977.</subfield>
  </datafield>
  <datafield tag="300" ind1=" " ind2=" ">
    <subfield code="a">621 p. :</subfield>
    <subfield code="b">ill. ;</subfield>
    <subfield code="c">13 x 55 cm.</subfield>
  </datafield>
  <datafield tag="500" ind1=" " ind2=" ">
    <subfield code="a">Shortened title: Rdo rje bkod pa Kun ʼdus rig paʼi mdo.</subfield>
  </datafield>
  <datafield tag="500" ind1=" " ind2=" ">
    <subfield code="a">Translated by: Vimalamitra, Gñags Jñānakumāra, and Rma Rin chen mchog.</subfield>
  </datafield>
  <datafield tag="505" ind1="0" ind2=" ">
    <subfield code="a">De bźin gśegs pa thams cad kyi thugs gsaṅ baʼi ye śes don gyi sñiṅ po khro bo rdo rjeʼi rigs kun ʼdus rig paʼi mdo rnal ʼbyor grub paʼi rgyud ces bya ba theg pa chen poʼi mdo = Sarvatathāgatacittaguhyajñānārthagarbha-krodhavajrakulatantrapiṇḍārthavidyā-yogasiddha-nāma-mahāyānasūtra.</subfield>
  </datafield>
  <datafield tag="650" ind1=" " ind2="0">
    <subfield code="a">Rdzogs-chen.</subfield>
  </datafield>
  <datafield tag="650" ind1=" " ind2="0">
    <subfield code="a">Buddhism</subfield>
    <subfield code="v">Sacred books.</subfield>
  </datafield>
  <datafield tag="630" ind1="0" ind2="0">
    <subfield code="a">Tripiṭaka.</subfield>
    <subfield code="p">Sūtrapiṭaka.</subfield>
    <subfield code="p">Tantra.</subfield>
    <subfield code="p">Sarvatathāgatacittaguhyajñānārthagarbha-krodhavajrakulatantrapiṇḍārthavidyā-yogasiddha-nāma-mahāyānasūtra</subfield>
    <subfield code="v">Early works to 1800.</subfield>
  </datafield>
  <datafield tag="650" ind1=" " ind2="0">
    <subfield code="a">Buddhist literature, Tibetan.</subfield>
  </datafield>
  <datafield tag="650" ind1=" " ind2="0">
    <subfield code="a">Tibetan language</subfield>
    <subfield code="x">Texts.</subfield>
  </datafield>
  <datafield tag="650" ind1=" " ind2="0">
    <subfield code="a">Tantric Buddhism.</subfield>
  </datafield>
  <datafield tag="650" ind1=" " ind2="0">
    <subfield code="a">Samadhi.</subfield>
  </datafield>
  <datafield tag="650" ind1=" " ind2="0">
    <subfield code="a">Signs and symbols.</subfield>
  </datafield>
  <datafield tag="650" ind1=" " ind2="0">
    <subfield code="a">Four elements (Philosophy)</subfield>
  </datafield>
  <datafield tag="700" ind1="0" ind2=" ">
    <subfield code="a">Rma Rin-chen-mchog,</subfield>
    <subfield code="d">active 8th century-9th century.</subfield>
  </datafield>
  <datafield tag="700" ind1="0" ind2=" ">
    <subfield code="a">Vimalamitra,</subfield>
    <subfield code="d">active 8th century.</subfield>
  </datafield>
  <datafield tag="700" ind1="0" ind2=" ">
    <subfield code="a">Gñags Jñānakumāra,</subfield>
    <subfield code="d">active 8th century-9th century.</subfield>
  </datafield>
  <datafield tag="700" ind1="0" ind2=" ">
    <subfield code="a">Si-tu Paṇ-chen Chos-kyi-ʼbyuṅ-gnas,</subfield>
    <subfield code="d">1699 or 1700-1774.</subfield>
  </datafield>
  <datafield tag="700" ind1="0" ind2=" ">
    <subfield code="a">Raṅ-byuṅ-rig-paʼi-rdo-rje,</subfield>
    <subfield code="c">Karma-pa XVI,</subfield>
    <subfield code="d">1924-</subfield>
  </datafield>
  <datafield tag="740" ind1="0" ind2="2">
    <subfield code="a">De bźin gśegs pa thams cad kyi thugs gsaṅ baʼi ye śes don gyi sñiṅ po khro bo rdo rjeʼi rigs kun ʼdus rig paʼi mdo rnal ʼbyor grub paʼi rgyud ces bya ba theg pa chen poʼi mdo.</subfield>
  </datafield>
</record>