

<record xmlns="http://www.loc.gov/MARC21/slim"
xmlns:xsi="http://www.w3.org/2001/XMLSchema-instance"
xsi:schemaLocation="http://www.loc.gov/MARC21/slim
http://www.loc.gov/standards/marcxml/schema/MARC21slim.xsd">
  <leader>     cam a22003731a 4500</leader>
  <controlfield tag="001">010897184-8</controlfield>
  <controlfield tag="005">20121031114917.0</controlfield>
  <controlfield tag="008">020812s1981    ii       b    000 0btib c</controlfield>
  <datafield tag="035" ind1=" " ind2=" ">
    <subfield code="a">(Crl)b16050885</subfield>
  </datafield>
  <datafield tag="035" ind1="0" ind2=" ">
    <subfield code="a">ocm50391869</subfield>
  </datafield>
  <datafield tag="040" ind1=" " ind2=" ">
    <subfield code="a">CRL</subfield>
    <subfield code="c">CRL</subfield>
    <subfield code="d">MH</subfield>
  </datafield>
  <datafield tag="042" ind1=" " ind2=" ">
    <subfield code="a">pcc</subfield>
  </datafield>
  <datafield tag="100" ind1="0" ind2=" ">
    <subfield code="a">Bo-doṅ Paṇ-chen Phyogs-las-rnam-rgyal,</subfield>
    <subfield code="d">1376-1451.</subfield>
  </datafield>
  <datafield tag="245" ind1="1" ind2="0">
    <subfield code="a">Encyclopedia Tibetica.</subfield>
    <subfield code="n">Volume 1 [KA] :</subfield>
    <subfield code="b">the collected works of Bo-doṅ Paṇ-chen Phyogs-las-rnam-rgyal /</subfield>
    <subfield code="c">edited by S.T. Kazi.</subfield>
  </datafield>
  <datafield tag="260" ind1=" " ind2=" ">
    <subfield code="a">New Delhi :</subfield>
    <subfield code="b">Tibet House,</subfield>
    <subfield code="c">1981.</subfield>
  </datafield>
  <datafield tag="300" ind1=" " ind2=" ">
    <subfield code="a">623 p. ;</subfield>
    <subfield code="c">29 x 40 cm.</subfield>
  </datafield>
  <datafield tag="490" ind1="0" ind2=" ">
    <subfield code="a">Tibet House Library publications series 1 ;</subfield>
    <subfield code="v">v. 1.</subfield>
  </datafield>
  <datafield tag="490" ind1="1" ind2=" ">
    <subfield code="a">Encyclopedia Tibetica : the collected works of Bo-doṅ Paṇ-chen Phyogs-las-rnam-rgyal ;</subfield>
    <subfield code="v">v. 1.</subfield>
  </datafield>
  <datafield tag="505" ind1="0" ind2=" ">
    <subfield code="a">Dpal-ldan Bla-ma-dam-pa Thams-cad-mkhyen-pa Phyogs-bcu-las-rnam-par-rgyal-baʼi-źabs kyi rnam par thar pa.</subfield>
  </datafield>
  <datafield tag="546" ind1=" " ind2=" ">
    <subfield code="a">In Tibetan; pref. in English.</subfield>
  </datafield>
  <datafield tag="650" ind1=" " ind2="0">
    <subfield code="a">Tantric Buddhism.</subfield>
  </datafield>
  <datafield tag="650" ind1=" " ind2="0">
    <subfield code="a">Buddhist literature, Tibetan.</subfield>
  </datafield>
  <datafield tag="650" ind1=" " ind2="0">
    <subfield code="a">Tibetan language</subfield>
    <subfield code="x">Texts.</subfield>
  </datafield>
  <datafield tag="650" ind1=" " ind2="0">
    <subfield code="a">Hagiography.</subfield>
  </datafield>
  <datafield tag="650" ind1=" " ind2="0">
    <subfield code="a">Jo-naṅ-pa (Sect)</subfield>
  </datafield>
  <datafield tag="650" ind1=" " ind2="0">
    <subfield code="a">Śaṅs-pa (Sect)</subfield>
  </datafield>
  <datafield tag="700" ind1="0" ind2=" ">
    <subfield code="a">Nam-mkhaʼ-bzaṅ-po,</subfield>
    <subfield code="c">Yar-brog-pa Dge-bsñen,</subfield>
    <subfield code="d">active 15th century.</subfield>
  </datafield>
  <datafield tag="740" ind1="0" ind2="2">
    <subfield code="a">Dpal-ldan Bla-ma-dam-pa Thams-cad-mkhyen-pa Phyogs-bcu-las-rnam-par-rgyal-baʼi-źabs kyi rnam par thar pa.</subfield>
  </datafield>
  <datafield tag="800" ind1="0" ind2=" ">
    <subfield code="a">Bo-doṅ Paṇ-chen Phyogs-las-rnam-rgyal,</subfield>
    <subfield code="d">1376-1451.</subfield>
    <subfield code="t">Works.</subfield>
    <subfield code="f">1969 ;</subfield>
    <subfield code="v">v. 1.</subfield>
    <subfield code="5">crl</subfield>
  </datafield>
</record>