

<record xmlns="http://www.loc.gov/MARC21/slim"
xmlns:xsi="http://www.w3.org/2001/XMLSchema-instance"
xsi:schemaLocation="http://www.loc.gov/MARC21/slim
http://www.loc.gov/standards/marcxml/schema/MARC21slim.xsd">
  <leader>     cam a22004091a 4500</leader>
  <controlfield tag="001">010897185-6</controlfield>
  <controlfield tag="005">20121031114917.0</controlfield>
  <controlfield tag="008">020424s1979    ii a          000 0 tib c</controlfield>
  <datafield tag="035" ind1=" " ind2=" ">
    <subfield code="a">(Crl)b16050897</subfield>
  </datafield>
  <datafield tag="035" ind1="0" ind2=" ">
    <subfield code="a">ocm49660814</subfield>
  </datafield>
  <datafield tag="040" ind1=" " ind2=" ">
    <subfield code="a">CRL</subfield>
    <subfield code="c">CRL</subfield>
    <subfield code="d">MH</subfield>
  </datafield>
  <datafield tag="042" ind1=" " ind2=" ">
    <subfield code="a">pcc</subfield>
  </datafield>
  <datafield tag="130" ind1="0" ind2=" ">
    <subfield code="a">Kanjur.</subfield>
    <subfield code="p">Rgyud ʼbum.</subfield>
  </datafield>
  <datafield tag="245" ind1="1" ind2="4">
    <subfield code="a">The Sde-dge Mtshal-par Bkaʼ-ʼgyur.</subfield>
    <subfield code="n">WA PA [v. 96].</subfield>
    <subfield code="p">Rgyud ʼbum :</subfield>
    <subfield code="b">a facsimile edition of the 18th century redaction of Si-tu Chos-kyi-ʼbyuṅ-gnas /</subfield>
    <subfield code="c">prepared under the direction of H.H the 16th Rgyal-dbaṅ Karma-pa.</subfield>
  </datafield>
  <datafield tag="246" ind1="1" ind2=" ">
    <subfield code="i">Margin title:</subfield>
    <subfield code="a">Rgyud ʼbum.</subfield>
  </datafield>
  <datafield tag="260" ind1=" " ind2=" ">
    <subfield code="a">Delhi :</subfield>
    <subfield code="b">Delhi Karmapae Chodhey Gyalwae Sungrab Partun Khang,</subfield>
    <subfield code="c">1979.</subfield>
  </datafield>
  <datafield tag="300" ind1=" " ind2=" ">
    <subfield code="a">527 p. :</subfield>
    <subfield code="b">ill. ;</subfield>
    <subfield code="c">13 x 55 cm.</subfield>
  </datafield>
  <datafield tag="500" ind1=" " ind2=" ">
    <subfield code="a">Translated by: Dānaśīla, [sNa-nam] Ye-śes-sde, Ba-ri [Lo-tsā-wa], Mar-pa Chos-kyi-dbaṅ-phyug-grags-pa, and others.</subfield>
  </datafield>
  <datafield tag="505" ind1="2" ind2=" ">
    <subfield code="a">ʼPhags pa rdo rje mi ʼpham pa me ltar rab tu rmoṅs byed ces bya baʼi gzuṅs = Ārya-Vajrājitānalapramohanī-nāma-dhāraṇī</subfield>
  </datafield>
  <datafield tag="630" ind1="0" ind2="0">
    <subfield code="a">Tripiṭaka.</subfield>
    <subfield code="p">Sūtrapiṭaka.</subfield>
    <subfield code="p">Tantra</subfield>
    <subfield code="p">Ārya-Vajrājitānalapramohanī-nāma-dhāraṇī</subfield>
    <subfield code="v">Early works to 1800.</subfield>
  </datafield>
  <datafield tag="650" ind1=" " ind2="0">
    <subfield code="a">Buddhism</subfield>
    <subfield code="x">Sacred books.</subfield>
  </datafield>
  <datafield tag="650" ind1=" " ind2="0">
    <subfield code="a">Buddhist literature, Tibetan.</subfield>
  </datafield>
  <datafield tag="650" ind1=" " ind2="0">
    <subfield code="a">Tibetan language</subfield>
    <subfield code="x">Texts.</subfield>
  </datafield>
  <datafield tag="650" ind1=" " ind2="0">
    <subfield code="a">Tantric Buddhism</subfield>
    <subfield code="x">Rituals.</subfield>
  </datafield>
  <datafield tag="650" ind1=" " ind2="0">
    <subfield code="a">Incantations.</subfield>
  </datafield>
  <datafield tag="700" ind1="0" ind2=" ">
    <subfield code="a">Dānaśīla,</subfield>
    <subfield code="d">active 9th century.</subfield>
  </datafield>
  <datafield tag="700" ind1="0" ind2=" ">
    <subfield code="a">Ye-śes-sde,</subfield>
    <subfield code="c">Lo-tstshā-ba.</subfield>
  </datafield>
  <datafield tag="700" ind1="0" ind2=" ">
    <subfield code="a">Ba-ri,</subfield>
    <subfield code="c">Lo-tsā-wa,</subfield>
    <subfield code="d">1040-1111.</subfield>
  </datafield>
  <datafield tag="700" ind1="0" ind2=" ">
    <subfield code="a">Mar-pa Chos-kyi-dbaṅ-phyug-grags-pa,</subfield>
    <subfield code="d">active 11th century.</subfield>
  </datafield>
  <datafield tag="700" ind1="0" ind2=" ">
    <subfield code="a">Si-tu Paṇ-chen Chos-kyi-ʼbyuṅ-gnas,</subfield>
    <subfield code="d">1699 or 1700-1774.</subfield>
  </datafield>
  <datafield tag="700" ind1="0" ind2=" ">
    <subfield code="a">Raṅ-byuṅ-rig-paʼi-rdo-rje,</subfield>
    <subfield code="c">Karma-pa XVI,</subfield>
    <subfield code="d">1924-</subfield>
  </datafield>
  <datafield tag="740" ind1="0" ind2="2">
    <subfield code="a">ʼPhags pa rdo rje mi ʼpham pa me ltar rab tu rmoṅs byed ces bya baʼi gzuṅs.</subfield>
  </datafield>
</record>