

<record xmlns="http://www.loc.gov/MARC21/slim"
xmlns:xsi="http://www.w3.org/2001/XMLSchema-instance"
xsi:schemaLocation="http://www.loc.gov/MARC21/slim
http://www.loc.gov/standards/marcxml/schema/MARC21slim.xsd">
  <leader>     nam a22006131a 4500</leader>
  <controlfield tag="001">010897186-4</controlfield>
  <controlfield tag="005">20121031114917.0</controlfield>
  <controlfield tag="008">020812s1969    ii       b    000 0 tib c</controlfield>
  <datafield tag="035" ind1=" " ind2=" ">
    <subfield code="a">(Crl)b16050903</subfield>
  </datafield>
  <datafield tag="035" ind1="0" ind2=" ">
    <subfield code="a">ocm50391874</subfield>
  </datafield>
  <datafield tag="040" ind1=" " ind2=" ">
    <subfield code="a">CRL</subfield>
    <subfield code="c">CRL</subfield>
    <subfield code="d">MH</subfield>
  </datafield>
  <datafield tag="042" ind1=" " ind2=" ">
    <subfield code="a">pcc</subfield>
  </datafield>
  <datafield tag="100" ind1="0" ind2=" ">
    <subfield code="a">Bo-doṅ Paṇ-chen Phyogs-las-rnam-rgyal,</subfield>
    <subfield code="d">1376-1450.</subfield>
  </datafield>
  <datafield tag="240" ind1="1" ind2="0">
    <subfield code="a">Works.</subfield>
    <subfield code="f">1969.</subfield>
  </datafield>
  <datafield tag="245" ind1="1" ind2="0">
    <subfield code="a">Encyclopedia Tibetica.</subfield>
    <subfield code="n">Volume 2 [KHA] :</subfield>
    <subfield code="b">the collected works of Bo-doṅ Paṇ-chen Phyogs-las-rnam-rgyal /</subfield>
    <subfield code="c">edited by S.T. Kazi.</subfield>
  </datafield>
  <datafield tag="260" ind1=" " ind2=" ">
    <subfield code="a">New Delhi :</subfield>
    <subfield code="b">Tibet House,</subfield>
    <subfield code="c">1969.</subfield>
  </datafield>
  <datafield tag="300" ind1=" " ind2=" ">
    <subfield code="a">15, [9] p., 601 leaves ;</subfield>
    <subfield code="c">29 x 40 cm.</subfield>
  </datafield>
  <datafield tag="490" ind1="0" ind2=" ">
    <subfield code="a">Tibet House Library publications series 1 ;</subfield>
    <subfield code="v">v. 2.</subfield>
  </datafield>
  <datafield tag="500" ind1=" " ind2=" ">
    <subfield code="a">&quot;Appendix II: Three translations of a Rasāyana śāstra.&quot;</subfield>
  </datafield>
  <datafield tag="500" ind1=" " ind2=" ">
    <subfield code="a">Pages also numbered: 1-151.</subfield>
  </datafield>
  <datafield tag="504" ind1=" " ind2=" ">
    <subfield code="a">Includes bibliographical references.</subfield>
  </datafield>
  <datafield tag="505" ind1="0" ind2=" ">
    <subfield code="a">ʼJam dpal rtsa rgyud las gsuṅs paʼi skye ʼchi sogs brtags pa -- Mi spyad rgya mtsho bstan pa -- Dpal ldan Źi ba lhas gsuṅs paʼi śo ʼgyed paʼi mo rtsis bstan pa / attributed to Śantideva -- Rten ʼbrel gyi mo rtsis bśad pa -- Mkhas pa ʼjug paʼi bzo rig sku gsuṅ thugs kyi rten bźeṅs tshul -- Rten gsum bźeṅs tshul bstan bcos lugs bśad pa -- Dus kyi ʼkhor lo las gsuṅs paʼi sku gzugs la sogs paʼi tshad bśad pa -- Dus ʼkhor nas gsuṅs kyi ʼphrul ʼkhor bśad pa -- Dus ʼkhor nas gsuṅs paʼi gser ʼgyur daṅ bcud len la sogs paʼi sbyor ba bśad pa / [translated by] O-rgyan-pa.</subfield>
  </datafield>
  <datafield tag="546" ind1=" " ind2=" ">
    <subfield code="a">In Tibetan; pref. in English.</subfield>
  </datafield>
  <datafield tag="600" ind1="0" ind2="0">
    <subfield code="a">Bo-doṅ Paṇ-chen Phyogs-las-rnam-rgyal,</subfield>
    <subfield code="d">1376-1450.</subfield>
  </datafield>
  <datafield tag="630" ind1="0" ind2="0">
    <subfield code="a">Tripiṭaka.</subfield>
    <subfield code="p">Sūtrapiṭaka.</subfield>
    <subfield code="p">Tantra.</subfield>
    <subfield code="p">Kālacakratantra</subfield>
    <subfield code="x">Commentaries.</subfield>
  </datafield>
  <datafield tag="650" ind1=" " ind2="0">
    <subfield code="a">Tantric Buddhism.</subfield>
  </datafield>
  <datafield tag="650" ind1=" " ind2="0">
    <subfield code="a">Tibetan language</subfield>
    <subfield code="x">Texts.</subfield>
  </datafield>
  <datafield tag="650" ind1=" " ind2="0">
    <subfield code="a">Jo-naṅ-pa (Sect)</subfield>
  </datafield>
  <datafield tag="650" ind1=" " ind2="0">
    <subfield code="a">Śaṅs-pa (Sect)</subfield>
  </datafield>
  <datafield tag="650" ind1=" " ind2="0">
    <subfield code="a">Omens</subfield>
    <subfield code="x">Religious aspects</subfield>
    <subfield code="x">Buddhism.</subfield>
  </datafield>
  <datafield tag="650" ind1=" " ind2="0">
    <subfield code="a">Divination.</subfield>
  </datafield>
  <datafield tag="650" ind1=" " ind2="0">
    <subfield code="a">Buddhist art and symbolism.</subfield>
  </datafield>
  <datafield tag="650" ind1=" " ind2="0">
    <subfield code="a">Magic drawings.</subfield>
  </datafield>
  <datafield tag="650" ind1=" " ind2="0">
    <subfield code="a">Alchemy</subfield>
    <subfield code="x">Religious aspects</subfield>
    <subfield code="x">Buddhism.</subfield>
  </datafield>
  <datafield tag="650" ind1=" " ind2="0">
    <subfield code="a">Elixir of life.</subfield>
  </datafield>
  <datafield tag="700" ind1="0" ind2=" ">
    <subfield code="a">Śāntideva,</subfield>
    <subfield code="d">active 7th century.</subfield>
  </datafield>
  <datafield tag="700" ind1="0" ind2=" ">
    <subfield code="a">O-rgyan-pa Rin-chen-dpal,</subfield>
    <subfield code="d">1229 or 1230-1309.</subfield>
  </datafield>
  <datafield tag="700" ind1="1" ind2=" ">
    <subfield code="a">Kazi, Sonam Topgay.</subfield>
  </datafield>
  <datafield tag="700" ind1="0" ind2="2">
    <subfield code="a">Śāntideva,</subfield>
    <subfield code="d">active 7th century.</subfield>
    <subfield code="t">Dpal ldan Źi ba lhas gsuṅs paʼi śo ʼgyed paʼi mo rtsis bstan pa.</subfield>
  </datafield>
  <datafield tag="700" ind1="0" ind2="2">
    <subfield code="a">O-rgyan-pa Rin-chen-dpal,</subfield>
    <subfield code="d">1229 or 1230-1309.</subfield>
    <subfield code="t">Dus ʼkhor nas gsuṅs paʼi gser ʼgyur daṅ bcud len la sogs paʼi sbyor ba bśad pa.</subfield>
  </datafield>
  <datafield tag="740" ind1="0" ind2="2">
    <subfield code="a">Mi spyad rgya mtsho bstan pa.</subfield>
  </datafield>
  <datafield tag="740" ind1="0" ind2="2">
    <subfield code="a">Dpal ldan Źi ba lhas gsuṅs paʼi śo ʼgyed paʼi mo rtsis bstan pa.</subfield>
  </datafield>
  <datafield tag="740" ind1="0" ind2="2">
    <subfield code="a">Rten ʼbrel gyi mo rtsis bśad pa.</subfield>
  </datafield>
  <datafield tag="740" ind1="0" ind2="2">
    <subfield code="a">Mkhas pa ʼjug paʼi bzo rig sku gsuṅ thugs kyi rten bźeṅs tshul.</subfield>
  </datafield>
  <datafield tag="740" ind1="0" ind2="2">
    <subfield code="a">Rten gsum bźeṅs tshul bstan bcos lugs bśad pa.</subfield>
  </datafield>
  <datafield tag="740" ind1="0" ind2="2">
    <subfield code="a">Dus kyi ʼkhor lo las gsuṅs paʼi sku gzugs la sogs paʼi tshad bśad pa.</subfield>
  </datafield>
  <datafield tag="740" ind1="0" ind2="2">
    <subfield code="a">Dus ʼkhor nas gsuṅs kyi ʼphrul ʼkhor bśad pa.</subfield>
  </datafield>
  <datafield tag="740" ind1="0" ind2="2">
    <subfield code="a">Dus ʼkhor nas gsuṅs paʼi gser ʼgyur daṅ bcud len la sogs paʼi sbyor ba bśad pa.</subfield>
  </datafield>
  <datafield tag="740" ind1="0" ind2="2">
    <subfield code="a">ʼJam dpal rtsa rgyud las gsuṅs paʼi skye ʼchi sogs brtags pa.</subfield>
  </datafield>
  <datafield tag="800" ind1="0" ind2=" ">
    <subfield code="a">Bo-doṅ Paṇ-chen Phyogs-las-rnam-rgyal,</subfield>
    <subfield code="d">1376-1450.</subfield>
    <subfield code="t">Works.</subfield>
    <subfield code="f">1969 ;</subfield>
    <subfield code="v">2.</subfield>
    <subfield code="5">crl</subfield>
  </datafield>
</record>