

<record xmlns="http://www.loc.gov/MARC21/slim"
xmlns:xsi="http://www.w3.org/2001/XMLSchema-instance"
xsi:schemaLocation="http://www.loc.gov/MARC21/slim
http://www.loc.gov/standards/marcxml/schema/MARC21slim.xsd">
  <leader>     nam a22004331a 4500</leader>
  <controlfield tag="001">010897914-8</controlfield>
  <controlfield tag="005">20121031114939.0</controlfield>
  <controlfield tag="008">020819s1970    ii       b    000 0 tib c</controlfield>
  <datafield tag="035" ind1=" " ind2=" ">
    <subfield code="a">(Crl)b16106106</subfield>
  </datafield>
  <datafield tag="035" ind1="0" ind2=" ">
    <subfield code="a">ocm50430799</subfield>
  </datafield>
  <datafield tag="040" ind1=" " ind2=" ">
    <subfield code="a">CRL</subfield>
    <subfield code="c">CRL</subfield>
    <subfield code="d">MH</subfield>
  </datafield>
  <datafield tag="042" ind1=" " ind2=" ">
    <subfield code="a">pcc</subfield>
  </datafield>
  <datafield tag="100" ind1="0" ind2=" ">
    <subfield code="a">Bo-doṅ Paṇ-chen Phyogs-las-rnam-rgyal,</subfield>
    <subfield code="d">1376-1450.</subfield>
  </datafield>
  <datafield tag="240" ind1="1" ind2="0">
    <subfield code="a">Works.</subfield>
    <subfield code="f">1969.</subfield>
  </datafield>
  <datafield tag="245" ind1="1" ind2="0">
    <subfield code="a">Encyclopedia Tibetica.</subfield>
    <subfield code="n">Volume 8 [DZA] :</subfield>
    <subfield code="b">the collected works of Bo-doṅ Paṇ-chen Phyogs-las-rnam-rgyal /</subfield>
    <subfield code="c">edited by S.T. Kazi.</subfield>
  </datafield>
  <datafield tag="260" ind1=" " ind2=" ">
    <subfield code="a">New Delhi :</subfield>
    <subfield code="b">Tibet House,</subfield>
    <subfield code="c">1970.</subfield>
  </datafield>
  <datafield tag="300" ind1=" " ind2=" ">
    <subfield code="a">2, [6] p., 784 leaves ;</subfield>
    <subfield code="c">29 x 40 cm.</subfield>
  </datafield>
  <datafield tag="490" ind1="0" ind2=" ">
    <subfield code="a">Tibet House Library publications series 1 ;</subfield>
    <subfield code="v">v. 8.</subfield>
  </datafield>
  <datafield tag="500" ind1=" " ind2=" ">
    <subfield code="a">Pages also numbered: 1-196.</subfield>
  </datafield>
  <datafield tag="500" ind1=" " ind2=" ">
    <subfield code="a">Contains commentaries on Pramāṇasamuccaya, by Dignāga.</subfield>
  </datafield>
  <datafield tag="500" ind1=" " ind2=" ">
    <subfield code="a">Tibetan term &quot;tshad ma&quot; (criteria of knowledge) corresponds to &quot;pramāṇa&quot; in Sanskrit. Cf. Tibetan Buddhist Resource Center records W19726.</subfield>
  </datafield>
  <datafield tag="505" ind1="0" ind2=" ">
    <subfield code="a">Tshad ma rigs paʼi snaṅ baʼi smad cha las mṅon sum spyiʼi rnam bźag bśad pa.</subfield>
  </datafield>
  <datafield tag="546" ind1=" " ind2=" ">
    <subfield code="a">In Tibetan; pref. in English.</subfield>
  </datafield>
  <datafield tag="600" ind1="0" ind2="0">
    <subfield code="a">Bo-doṅ Paṇ-chen Phyogs-las-rnam-rgyal,</subfield>
    <subfield code="d">1376-1450.</subfield>
  </datafield>
  <datafield tag="600" ind1="0" ind2="0">
    <subfield code="a">Dignāga,</subfield>
    <subfield code="d">active 5th century.</subfield>
  </datafield>
  <datafield tag="650" ind1=" " ind2="0">
    <subfield code="a">Tibetan language</subfield>
    <subfield code="x">Texts.</subfield>
  </datafield>
  <datafield tag="650" ind1=" " ind2="0">
    <subfield code="a">Jo-naṅ-pa (Sect)</subfield>
  </datafield>
  <datafield tag="650" ind1=" " ind2="0">
    <subfield code="a">Śaṅs-pa (Sect)</subfield>
  </datafield>
  <datafield tag="650" ind1=" " ind2="0">
    <subfield code="a">Knowledge, Theory of (Buddhism)</subfield>
  </datafield>
  <datafield tag="650" ind1=" " ind2="0">
    <subfield code="a">Buddhist logic.</subfield>
  </datafield>
  <datafield tag="700" ind1="1" ind2=" ">
    <subfield code="a">Kazi, Sonam Topgay.</subfield>
  </datafield>
  <datafield tag="740" ind1="0" ind2="2">
    <subfield code="a">Tshad ma rigs paʼi snaṅ baʼi smad cha las mṅon sum spyiʼi rnam bźag bśad pa.</subfield>
  </datafield>
  <datafield tag="800" ind1="0" ind2=" ">
    <subfield code="a">Bo-doṅ Paṇ-chen Phyogs-las-rnam-rgyal,</subfield>
    <subfield code="d">1376-1450.</subfield>
    <subfield code="t">Works.</subfield>
    <subfield code="f">1969 ;</subfield>
    <subfield code="v">8.</subfield>
    <subfield code="5">crl</subfield>
  </datafield>
</record>