

<record xmlns="http://www.loc.gov/MARC21/slim"
xmlns:xsi="http://www.w3.org/2001/XMLSchema-instance"
xsi:schemaLocation="http://www.loc.gov/MARC21/slim
http://www.loc.gov/standards/marcxml/schema/MARC21slim.xsd">
  <leader>     nam a2200373Ia 4500</leader>
  <controlfield tag="001">010898037-5</controlfield>
  <controlfield tag="005">20121031115408.0</controlfield>
  <controlfield tag="008">020417s1978    ii a          000 0 tib d</controlfield>
  <datafield tag="035" ind1=" " ind2=" ">
    <subfield code="a">(Crl)b16214717</subfield>
  </datafield>
  <datafield tag="035" ind1="0" ind2=" ">
    <subfield code="a">ocm49606679</subfield>
  </datafield>
  <datafield tag="040" ind1=" " ind2=" ">
    <subfield code="a">CRL</subfield>
    <subfield code="c">CRL</subfield>
    <subfield code="d">MH</subfield>
  </datafield>
  <datafield tag="130" ind1="0" ind2=" ">
    <subfield code="a">Kanjur.</subfield>
    <subfield code="p">Rgyud ʼbum.</subfield>
  </datafield>
  <datafield tag="245" ind1="1" ind2="4">
    <subfield code="a">The Sde-dge Mtshal-par Bkaʼ-ʼgyur.</subfield>
    <subfield code="n">ÑA PA [v. 84].</subfield>
    <subfield code="p">Rgyud ʼbum :</subfield>
    <subfield code="b">a facsimile edition of the 18th century redaction of Si-tu Chos-kyi-ʼbyuṅ-gnas /</subfield>
    <subfield code="c">prepared under the direction of H.H the 16th Rgyal-dbaṅ Karma-pa.</subfield>
  </datafield>
  <datafield tag="246" ind1="1" ind2=" ">
    <subfield code="i">Margin title:</subfield>
    <subfield code="a">Rgyud ʼbum.</subfield>
  </datafield>
  <datafield tag="260" ind1=" " ind2=" ">
    <subfield code="a">Delhi :</subfield>
    <subfield code="b">Delhi Karmapae Chodhey Gyalwae Sungrab Partun Khang,</subfield>
    <subfield code="c">1978.</subfield>
  </datafield>
  <datafield tag="300" ind1=" " ind2=" ">
    <subfield code="a">547 p. :</subfield>
    <subfield code="b">ill. ;</subfield>
    <subfield code="c">13 x 55 cm.</subfield>
  </datafield>
  <datafield tag="500" ind1=" " ind2=" ">
    <subfield code="a">Translated by: Gźon-nu-tshul-khrims.</subfield>
  </datafield>
  <datafield tag="505" ind1="0" ind2=" ">
    <subfield code="a">De bźin gśegs pa thams cad kyi de kho na ñid bsdus paźes bya ba theg pa chen poʼi mdo = Sarvatathāgatatattvasaṅgraha-nāma-mahāyānasūtra.</subfield>
  </datafield>
  <datafield tag="630" ind1="0" ind2="0">
    <subfield code="a">Tripiṭaka.</subfield>
    <subfield code="p">Sūtrapiṭaka.</subfield>
    <subfield code="p">Tantra</subfield>
    <subfield code="p">Sarvatathāgatatattvasaṅgraha-nāma-mahāyānasūtra</subfield>
    <subfield code="v">Early works to 1800.</subfield>
  </datafield>
  <datafield tag="650" ind1=" " ind2="0">
    <subfield code="a">Buddhism</subfield>
    <subfield code="x">Sacred books</subfield>
    <subfield code="x">Hermeneutics.</subfield>
  </datafield>
  <datafield tag="650" ind1=" " ind2="0">
    <subfield code="a">Buddhist literature, Tibetan.</subfield>
  </datafield>
  <datafield tag="650" ind1=" " ind2="0">
    <subfield code="a">Tibetan language</subfield>
    <subfield code="x">Texts.</subfield>
  </datafield>
  <datafield tag="650" ind1=" " ind2="0">
    <subfield code="a">Tantric Buddhism.</subfield>
  </datafield>
  <datafield tag="650" ind1=" " ind2="0">
    <subfield code="a">Tantric Buddhism</subfield>
    <subfield code="x">Rituals.</subfield>
  </datafield>
  <datafield tag="650" ind1=" " ind2="0">
    <subfield code="a">Vajrasattva (Buddhist deity)</subfield>
  </datafield>
  <datafield tag="700" ind1="0" ind2=" ">
    <subfield code="a">Gźon-nu-tshul-khrims,</subfield>
    <subfield code="d">active 11th century.</subfield>
  </datafield>
  <datafield tag="700" ind1="0" ind2=" ">
    <subfield code="a">Si-tu Paṇ-chen Chos-kyi-ʼbyuṅ-gnas,</subfield>
    <subfield code="d">1699 or 1700-1774.</subfield>
  </datafield>
  <datafield tag="700" ind1="0" ind2=" ">
    <subfield code="a">Raṅ-byuṅ-rig-paʼi-rdo-rje,</subfield>
    <subfield code="c">Karma-pa XVI,</subfield>
    <subfield code="d">1924-</subfield>
  </datafield>
  <datafield tag="740" ind1="0" ind2="2">
    <subfield code="a">De bźin gśegs pa thams cad kyi de kho na ñid bsdus paźes bya ba theg pa chen poʼi mdo.</subfield>
  </datafield>
</record>