

<record xmlns="http://www.loc.gov/MARC21/slim"
xmlns:xsi="http://www.w3.org/2001/XMLSchema-instance"
xsi:schemaLocation="http://www.loc.gov/MARC21/slim
http://www.loc.gov/standards/marcxml/schema/MARC21slim.xsd">
  <leader>     cam a2200289Ia 4500</leader>
  <controlfield tag="001">010906768-1</controlfield>
  <controlfield tag="005">20121031123543.0</controlfield>
  <controlfield tag="008">811219s1968    ii a          000 0 tibod</controlfield>
  <datafield tag="010" ind1=" " ind2=" ">
    <subfield code="a">sa 68020221</subfield>
  </datafield>
  <datafield tag="025" ind1=" " ind2=" ">
    <subfield code="a">PL480: I-Tib-456</subfield>
  </datafield>
  <datafield tag="035" ind1=" " ind2=" ">
    <subfield code="a">(Crl)b19913060</subfield>
  </datafield>
  <datafield tag="035" ind1="0" ind2=" ">
    <subfield code="a">ocm08010178</subfield>
  </datafield>
  <datafield tag="040" ind1=" " ind2=" ">
    <subfield code="a">IUL</subfield>
    <subfield code="c">IUL</subfield>
    <subfield code="d">IUL</subfield>
    <subfield code="d">CRL</subfield>
    <subfield code="d">MH</subfield>
  </datafield>
  <datafield tag="043" ind1=" " ind2=" ">
    <subfield code="a">a-cc-ti</subfield>
  </datafield>
  <datafield tag="050" ind1=" " ind2=" ">
    <subfield code="a">BQ7432.S253</subfield>
    <subfield code="b">N35 1968</subfield>
  </datafield>
  <datafield tag="100" ind1="0" ind2=" ">
    <subfield code="a">Ṅag-dbaṅ-legs-grub,</subfield>
    <subfield code="c">Ṅor-pa Dpon-slob,</subfield>
    <subfield code="d">1811-</subfield>
  </datafield>
  <datafield tag="245" ind1="1" ind2="0">
    <subfield code="a">Yoṅs rdzogs bstan paʼi ñams len sdom gsum gtan la ʼbebs pa ʼJam-dbyaṅs Bla-maʼi dgoṅs rgyan ces bya ba bźugs so /</subfield>
    <subfield code="c">[Ṅag-dbaṅ-blo-gros-sñiṅ-po-gźan-phan-mthaʼ-yas-paʼi-od-zer ... bgyis]</subfield>
  </datafield>
  <datafield tag="260" ind1=" " ind2=" ">
    <subfield code="a">[Dehra Dun? :</subfield>
    <subfield code="b">s.n.,</subfield>
    <subfield code="c">1968]</subfield>
  </datafield>
  <datafield tag="300" ind1=" " ind2=" ">
    <subfield code="a">176 p. :</subfield>
    <subfield code="b">ill. ;</subfield>
    <subfield code="c">9 x 38 cm.</subfield>
  </datafield>
  <datafield tag="546" ind1=" " ind2=" ">
    <subfield code="a">In Tibetan.</subfield>
  </datafield>
  <datafield tag="600" ind1="0" ind2="0">
    <subfield code="a">Sa-skya Paṇḍi-ta Kun-dgaʼ-rgyal-mtshan,</subfield>
    <subfield code="d">1182-1251.</subfield>
    <subfield code="t">Sdom gsum rab dbye.</subfield>
  </datafield>
  <datafield tag="650" ind1=" " ind2="0">
    <subfield code="a">Trisaṃvara (Buddhism)</subfield>
  </datafield>
  <datafield tag="650" ind1=" " ind2="0">
    <subfield code="a">Tibetan language</subfield>
    <subfield code="v">Texts.</subfield>
  </datafield>
  <datafield tag="740" ind1="0" ind2="1">
    <subfield code="a">ʼJam-dbyaṅs Bla-maʼi dgoṅs rgyan.</subfield>
  </datafield>
</record>