

<record xmlns="http://www.loc.gov/MARC21/slim"
xmlns:xsi="http://www.w3.org/2001/XMLSchema-instance"
xsi:schemaLocation="http://www.loc.gov/MARC21/slim
http://www.loc.gov/standards/marcxml/schema/MARC21slim.xsd">
  <leader>     nam a2200337Ia 4500</leader>
  <controlfield tag="001">010908258-3</controlfield>
  <controlfield tag="005">20121031123936.0</controlfield>
  <controlfield tag="008">811201s1981    ii ag         000 0 tib d</controlfield>
  <datafield tag="010" ind1=" " ind2=" ">
    <subfield code="a">   81901710</subfield>
  </datafield>
  <datafield tag="025" ind1=" " ind2=" ">
    <subfield code="a">I-Tib-2149</subfield>
  </datafield>
  <datafield tag="035" ind1=" " ind2=" ">
    <subfield code="a">(Crl)b20236426</subfield>
  </datafield>
  <datafield tag="035" ind1="0" ind2=" ">
    <subfield code="a">ocm07963511</subfield>
  </datafield>
  <datafield tag="040" ind1=" " ind2=" ">
    <subfield code="a">IUL</subfield>
    <subfield code="c">IUL</subfield>
    <subfield code="d">CRL</subfield>
    <subfield code="d">MH</subfield>
  </datafield>
  <datafield tag="043" ind1=" " ind2=" ">
    <subfield code="a">a-cc-ti</subfield>
  </datafield>
  <datafield tag="100" ind1="0" ind2=" ">
    <subfield code="a">Don-brgyud-ñi-ma,</subfield>
    <subfield code="c">Khams-sprul VIII,</subfield>
    <subfield code="d">1931-</subfield>
  </datafield>
  <datafield tag="245" ind1="1" ind2="0">
    <subfield code="a">ʼJam dpal Gśin rjeʼi gśed khro chu dug gdoṅ gi sgrub pa chen poʼi skabs su ñer mkhoʼi dbyaṅs yig Dbyaṅs can ṅag gi rgyud maṅs :</subfield>
    <subfield code="b">the chanting notations for the performance of the Yamantaka practice Gśin rjeʼi gśed Khro chu Dug gdoṅ nag po revealed by Rgya Źaṅ-khrom /</subfield>
    <subfield code="c">by the Eighth Khams-sprul Don-brgyud-ñi-ma.</subfield>
  </datafield>
  <datafield tag="260" ind1=" " ind2=" ">
    <subfield code="a">Tashi Jong, H.P. :</subfield>
    <subfield code="b">Khampa Gar Monastery,</subfield>
    <subfield code="c">1981.</subfield>
  </datafield>
  <datafield tag="300" ind1=" " ind2=" ">
    <subfield code="a">236 p. :</subfield>
    <subfield code="b">ill., music ;</subfield>
    <subfield code="c">9 x 39 cm.</subfield>
  </datafield>
  <datafield tag="500" ind1=" " ind2=" ">
    <subfield code="a">Title on boards: Khro chu Dug gdoṅ nag poʼi dbyaṅs yig.</subfield>
  </datafield>
  <datafield tag="500" ind1=" " ind2=" ">
    <subfield code="a">&quot;Bkra-śis-ljoṅs Dpal Phun-tshogs-chos-ʼkhor-gliṅ ... par bskrun.&quot;</subfield>
  </datafield>
  <datafield tag="546" ind1=" " ind2=" ">
    <subfield code="a">In cursive Tibetan.</subfield>
  </datafield>
  <datafield tag="650" ind1=" " ind2="0">
    <subfield code="a">Yamāntaka (Buddhist deity)</subfield>
    <subfield code="x">Cult</subfield>
    <subfield code="z">China</subfield>
    <subfield code="z">Tibet.</subfield>
  </datafield>
  <datafield tag="650" ind1=" " ind2="0">
    <subfield code="a">ʼBrug-pa (Sect)</subfield>
    <subfield code="x">Rituals.</subfield>
  </datafield>
  <datafield tag="650" ind1=" " ind2="0">
    <subfield code="a">Music, Tibetan.</subfield>
  </datafield>
  <datafield tag="650" ind1=" " ind2="0">
    <subfield code="a">Tibetan language</subfield>
    <subfield code="v">Texts.</subfield>
  </datafield>
  <datafield tag="700" ind1="0" ind2=" ">
    <subfield code="a">Rdo-rje-ʼod-ʼbar,</subfield>
    <subfield code="c">Rgya Źaṅ-khrom.</subfield>
  </datafield>
  <datafield tag="740" ind1="0" ind2="1">
    <subfield code="a">Khro chu Dug gdoṅ nag poʼi dbyaṅs yig.</subfield>
  </datafield>
</record>