

<record xmlns="http://www.loc.gov/MARC21/slim"
xmlns:xsi="http://www.w3.org/2001/XMLSchema-instance"
xsi:schemaLocation="http://www.loc.gov/MARC21/slim
http://www.loc.gov/standards/marcxml/schema/MARC21slim.xsd">
  <leader>     nam a2200337Ia 4500</leader>
  <controlfield tag="001">010908353-9</controlfield>
  <controlfield tag="005">20121031123951.0</controlfield>
  <controlfield tag="008">830205s1981    ii a          000 0 tibod</controlfield>
  <datafield tag="010" ind1=" " ind2=" ">
    <subfield code="a">   82903289</subfield>
  </datafield>
  <datafield tag="025" ind1=" " ind2=" ">
    <subfield code="a">PL480:I-Tib-2275</subfield>
  </datafield>
  <datafield tag="035" ind1=" " ind2=" ">
    <subfield code="a">(Crl)b20263545</subfield>
  </datafield>
  <datafield tag="035" ind1="0" ind2=" ">
    <subfield code="a">ocm09192734</subfield>
  </datafield>
  <datafield tag="040" ind1=" " ind2=" ">
    <subfield code="a">IUL</subfield>
    <subfield code="c">IUL</subfield>
    <subfield code="d">CRL</subfield>
    <subfield code="d">MH</subfield>
  </datafield>
  <datafield tag="043" ind1=" " ind2=" ">
    <subfield code="a">a-cc-ti</subfield>
  </datafield>
  <datafield tag="100" ind1="1" ind2=" ">
    <subfield code="a">Bar-źi-ba, Phun-tshogs-dbaṅ-rgyal.</subfield>
  </datafield>
  <datafield tag="245" ind1="1" ind2="0">
    <subfield code="a">Spyod ʼjug ʼgrel gsar Blo-bzaṅ-bla-maʼi źal luṅ źes bya ba bźugs so /</subfield>
    <subfield code="c">[Lakṣmīʼi-miṅ-can ... bris]</subfield>
  </datafield>
  <datafield tag="260" ind1=" " ind2=" ">
    <subfield code="a">[Dha-ram-sa-la :</subfield>
    <subfield code="b">Sman-rtsis-khaṅ Śod-kyi-slob-khaṅ,</subfield>
    <subfield code="c">1981.</subfield>
  </datafield>
  <datafield tag="300" ind1=" " ind2=" ">
    <subfield code="a">32, 5, 529 p. :</subfield>
    <subfield code="b">ill. ;</subfield>
    <subfield code="c">11 x 48 cm.</subfield>
  </datafield>
  <datafield tag="500" ind1=" " ind2=" ">
    <subfield code="a">Cover title.</subfield>
  </datafield>
  <datafield tag="500" ind1=" " ind2=" ">
    <subfield code="a">Based on notes taken from instruction by Bstan-ʼdzin-rgya-mtsho and Blo-bzaṅ-don-grub.</subfield>
  </datafield>
  <datafield tag="505" ind1="0" ind2=" ">
    <subfield code="a">Spyod ʼjug gi ʼgrel gsar Blo-bzaṅ-bla-maʼi źal luṅ la ʼjug bdeʼi dkar chag -- Byaṅ chub sems dpaʼi spyod pa la ʼjug paʼi luṅ khrid thob rgyun bla brgyud -- Byaṅ chub sems dpaʼi spyod pa la ʼjug paʼi ʼgrel gsar Blo-bzaṅ-bla-maʼi źal luṅ</subfield>
  </datafield>
  <datafield tag="546" ind1=" " ind2=" ">
    <subfield code="a">In Tibetan.</subfield>
  </datafield>
  <datafield tag="600" ind1="0" ind2="0">
    <subfield code="a">Śāntideva,</subfield>
    <subfield code="d">active 7th century.</subfield>
    <subfield code="t">Bodhicaryāvatāra.</subfield>
  </datafield>
  <datafield tag="650" ind1=" " ind2="0">
    <subfield code="a">Tibetan language</subfield>
    <subfield code="v">Texts.</subfield>
  </datafield>
  <datafield tag="700" ind1="0" ind2=" ">
    <subfield code="a">Bstan-ʼdzin-rgya-mtsho,</subfield>
    <subfield code="c">Dalai Lama XIV,</subfield>
    <subfield code="d">1935-</subfield>
  </datafield>
  <datafield tag="700" ind1="0" ind2=" ">
    <subfield code="a">Blo-bzaṅ-don-grub,</subfield>
    <subfield code="c">Rnam-grwa Mkhan Rin-po-che.</subfield>
  </datafield>
  <datafield tag="740" ind1="0" ind2="1">
    <subfield code="a">Blo-bzaṅ-bla-maʼi źal luṅ</subfield>
  </datafield>
</record>