

<record xmlns="http://www.loc.gov/MARC21/slim"
xmlns:xsi="http://www.w3.org/2001/XMLSchema-instance"
xsi:schemaLocation="http://www.loc.gov/MARC21/slim
http://www.loc.gov/standards/marcxml/schema/MARC21slim.xsd">
  <leader>     nam a22     4a 4500</leader>
  <controlfield tag="001">010916634-5</controlfield>
  <controlfield tag="005">20081201160447.0</controlfield>
  <controlfield tag="008">070831s1972    ii            000|0 tibod</controlfield>
  <datafield tag="035" ind1="0" ind2=" ">
    <subfield code="a">ocm05059939</subfield>
  </datafield>
  <datafield tag="035" ind1="0" ind2=" ">
    <subfield code="a">ocn169597558</subfield>
  </datafield>
  <datafield tag="245" ind1="0" ind2="0">
    <subfield code="a">Bag med ces pa ʻbyuṅ ba bźi ldan chu mo glaṅ loʻi zla tho byed grub zuṅ ʻbrel tshig nyuṅ don maṅ śes sla don gsal bźugs so.</subfield>
  </datafield>
  <datafield tag="246" ind1="1" ind2="6">
    <subfield code="a">Bag med ces pa ʻbyuṅ ba bźi ldan chu mo glaṅ loʻi leʻu tho byed grub zuṅ ʻbrel tshig nyuṅ don maṅ rgyas ʻgriṅ snyoms pa śes sla don bzaṅ bźugs so</subfield>
  </datafield>
  <datafield tag="260" ind1=" " ind2=" ">
    <subfield code="a">Lippa, H.P. :</subfield>
    <subfield code="b">Sangia Chopel Vaidya,</subfield>
    <subfield code="c">[1972?]</subfield>
  </datafield>
  <datafield tag="300" ind1=" " ind2=" ">
    <subfield code="a">16 p. ;</subfield>
    <subfield code="c">26 cm.</subfield>
  </datafield>
  <datafield tag="500" ind1=" " ind2=" ">
    <subfield code="a">For calendar year starting January 1, 1973.</subfield>
  </datafield>
  <datafield tag="500" ind1=" " ind2=" ">
    <subfield code="a">Cover title.</subfield>
  </datafield>
  <datafield tag="546" ind1=" " ind2=" ">
    <subfield code="a">In Tibetan.</subfield>
  </datafield>
  <datafield tag="650" ind1=" " ind2="0">
    <subfield code="a">Astrology, Tibetan.</subfield>
  </datafield>
  <datafield tag="700" ind1="0" ind2=" ">
    <subfield code="a">Sangia Chopel Vaidya.</subfield>
  </datafield>
</record>