

<record xmlns="http://www.loc.gov/MARC21/slim"
xmlns:xsi="http://www.w3.org/2001/XMLSchema-instance"
xsi:schemaLocation="http://www.loc.gov/MARC21/slim
http://www.loc.gov/standards/marcxml/schema/MARC21slim.xsd">
  <leader>     nam a2200289I  4500</leader>
  <controlfield tag="001">011071553-5</controlfield>
  <controlfield tag="005">20121031091715.0</controlfield>
  <controlfield tag="008">840725s1983    ii            00010 tib d</controlfield>
  <datafield tag="010" ind1=" " ind2=" ">
    <subfield code="a">   83907129</subfield>
  </datafield>
  <datafield tag="025" ind1=" " ind2=" ">
    <subfield code="a">PL480:I-Tib-2441</subfield>
  </datafield>
  <datafield tag="035" ind1=" " ind2=" ">
    <subfield code="a">(Crl)b10054819</subfield>
  </datafield>
  <datafield tag="035" ind1="0" ind2=" ">
    <subfield code="a">ocm10986541</subfield>
  </datafield>
  <datafield tag="040" ind1=" " ind2=" ">
    <subfield code="a">IUL</subfield>
    <subfield code="c">IUL</subfield>
    <subfield code="d">m/c</subfield>
    <subfield code="d">CRL</subfield>
    <subfield code="d">MH</subfield>
  </datafield>
  <datafield tag="043" ind1=" " ind2=" ">
    <subfield code="a">a-cc-ti</subfield>
  </datafield>
  <datafield tag="100" ind1="0" ind2=" ">
    <subfield code="a">Bstan-ʼdzin-phun-tshogs,</subfield>
    <subfield code="c">Dil-dmar Dge-bśes,</subfield>
    <subfield code="d">active 18th century.</subfield>
  </datafield>
  <datafield tag="245" ind1="1" ind2="0">
    <subfield code="a">Dri med śel goṅ and Dri med śel phreṅ :</subfield>
    <subfield code="b">Dil-dmar Dge-bśes Bstan̂ʼdzin-phun-tshogsʼ presentation of the principals [sic] of Tibetan pharmacognosy and materia medica.</subfield>
  </datafield>
  <datafield tag="260" ind1="0" ind2=" ">
    <subfield code="a">Leh :</subfield>
    <subfield code="b">D.W. Tashigang,</subfield>
    <subfield code="c">1983.</subfield>
  </datafield>
  <datafield tag="300" ind1=" " ind2=" ">
    <subfield code="a">578 p. in various pagings ;</subfield>
    <subfield code="c">23 cm.</subfield>
  </datafield>
  <datafield tag="490" ind1="0" ind2=" ">
    <subfield code="a">Smanrtsis shesrig spendzod ;</subfield>
    <subfield code="v">v. 113.</subfield>
  </datafield>
  <datafield tag="500" ind1=" " ind2=" ">
    <subfield code="a">In Tibetan, pref. also in chinese.</subfield>
  </datafield>
  <datafield tag="500" ind1=" " ind2=" ">
    <subfield code="a">&quot;Reprinted from the 1980 Tibetan movable type edition based on the Sde-dge redaction by O-rgyan Rnam-rgyal.&quot;</subfield>
  </datafield>
  <datafield tag="650" ind1=" " ind2="0">
    <subfield code="a">Medicine, Tibetan.</subfield>
  </datafield>
  <datafield tag="650" ind1=" " ind2="0">
    <subfield code="a">Tibetan language</subfield>
    <subfield code="x">Texts.</subfield>
  </datafield>
  <datafield tag="700" ind1="0" ind2="2">
    <subfield code="a">Bstan-ʼdzin-phun-tshogs,</subfield>
    <subfield code="c">Dil-dmar Dge-bśes,</subfield>
    <subfield code="d">active 18th century.</subfield>
  </datafield>
  <datafield tag="740" ind1="0" ind2="1">
    <subfield code="a">Dri med śel phreṅ</subfield>
  </datafield>
</record>