

<record xmlns="http://www.loc.gov/MARC21/slim"
xmlns:xsi="http://www.w3.org/2001/XMLSchema-instance"
xsi:schemaLocation="http://www.loc.gov/MARC21/slim
http://www.loc.gov/standards/marcxml/schema/MARC21slim.xsd">
  <leader>     nam a2200409Ia 4504</leader>
  <controlfield tag="001">011075685-1</controlfield>
  <controlfield tag="005">20070914231333.0</controlfield>
  <controlfield tag="008">841015s1983    ii a          00010 tib d</controlfield>
  <datafield tag="010" ind1=" " ind2=" ">
    <subfield code="a">   83907630</subfield>
  </datafield>
  <datafield tag="025" ind1=" " ind2=" ">
    <subfield code="a">PL480:I-Tib-2461</subfield>
  </datafield>
  <datafield tag="035" ind1=" " ind2=" ">
    <subfield code="a">(Crl)b10290436</subfield>
  </datafield>
  <datafield tag="035" ind1="0" ind2=" ">
    <subfield code="a">ocm11265370</subfield>
  </datafield>
  <datafield tag="040" ind1=" " ind2=" ">
    <subfield code="a">IUL</subfield>
    <subfield code="c">IUL</subfield>
    <subfield code="d">m/c</subfield>
    <subfield code="d">CRL</subfield>
    <subfield code="d">MH</subfield>
  </datafield>
  <datafield tag="043" ind1=" " ind2=" ">
    <subfield code="a">a-cc-ti ;</subfield>
    <subfield code="a">a------</subfield>
  </datafield>
  <datafield tag="100" ind1="0" ind2="0">
    <subfield code="a">Lha-dbaṅ-rgya-mtshoʼi-blo-gros,</subfield>
    <subfield code="c">Lha-btsun Sṅon-mo.</subfield>
  </datafield>
  <datafield tag="245" ind1="1" ind2="0">
    <subfield code="a">Mchod rten chen po Bya ruṅ kha śor gyi lo rgyus Thos pas grol ba :</subfield>
    <subfield code="b">an account of the Great Stupa of Bauddhanātha /</subfield>
    <subfield code="c">revealed from its place of concealment first by Lha-btsun Sṅon-mo Lha-dbaṅ-rgya-mtsho-blo-gros and later by Yol-mo Gter-chen Śākya-bzaṅ-po.</subfield>
  </datafield>
  <datafield tag="250" ind1=" " ind2=" ">
    <subfield code="a">1st ed.</subfield>
  </datafield>
  <datafield tag="260" ind1="0" ind2=" ">
    <subfield code="a">Gangtok :</subfield>
    <subfield code="b">Sherab Gyaltsen,</subfield>
    <subfield code="c">1983.</subfield>
  </datafield>
  <datafield tag="300" ind1=" " ind2=" ">
    <subfield code="a">132 p. :</subfield>
    <subfield code="b">ill. ;</subfield>
    <subfield code="c">19 cm.</subfield>
  </datafield>
  <datafield tag="500" ind1=" " ind2=" ">
    <subfield code="a">In Tibetan.</subfield>
  </datafield>
  <datafield tag="500" ind1=" " ind2=" ">
    <subfield code="a">Spine title: Bya ruṅ kha śor gyi lo rgyus.</subfield>
  </datafield>
  <datafield tag="500" ind1=" " ind2=" ">
    <subfield code="a">Attributed to Ye-śes-mtsho-rgyal; later rediscovered by Śākya-bzaṅ-po.</subfield>
  </datafield>
  <datafield tag="505" ind1="2" ind2=" ">
    <subfield code="a">Yul chen po ñe baʼi tshandho ha Bal-poʼi gnas kyi dkar chag Gaṅs-can rna baʼi bdud rtsi / Chos-kyi-ñi-ma -- Stag mo źus pa źes bya ba Theg pa chen po mdo.</subfield>
  </datafield>
  <datafield tag="650" ind1=" " ind2="0">
    <subfield code="a">Buddhist pilgrims and pilgrimages</subfield>
    <subfield code="z">Nepal.</subfield>
  </datafield>
  <datafield tag="610" ind1=" " ind2="0">
    <subfield code="a">Bodhnāth Stūpa (Bodhnath, Nepal)</subfield>
  </datafield>
  <datafield tag="650" ind1=" " ind2="0">
    <subfield code="a">Temples, Buddhist</subfield>
    <subfield code="z">Nepal.</subfield>
  </datafield>
  <datafield tag="650" ind1=" " ind2="0">
    <subfield code="a">Stūpas</subfield>
    <subfield code="z">Nepal</subfield>
    <subfield code="z">Bodhnath.</subfield>
  </datafield>
  <datafield tag="650" ind1=" " ind2="0">
    <subfield code="a">Tibetan language</subfield>
    <subfield code="x">Texts.</subfield>
  </datafield>
  <datafield tag="700" ind1="0" ind2="2">
    <subfield code="a">Śakya-bzaṅ-po,</subfield>
    <subfield code="c">Yol-mo Gter-chen.</subfield>
    <subfield code="t">Mchod-rten-chen-po Bya-ruṅ-kha-śor gyi lo rgyus.</subfield>
  </datafield>
  <datafield tag="700" ind1="0" ind2="2">
    <subfield code="a">Ye-śes-mtsho-rgyal,</subfield>
    <subfield code="d">active 8th century.</subfield>
    <subfield code="t">Mchod-rten-chen-po Bya-ruṅ-kha-śor gyi lo rgyus.</subfield>
  </datafield>
  <datafield tag="700" ind1="0" ind2="2">
    <subfield code="a">Bstan-ʼdzin-chos-kyi-ñi-ma,</subfield>
    <subfield code="c">Khams-sprul IV,</subfield>
    <subfield code="d">1730-1779.</subfield>
    <subfield code="t">Yul chen po ñe baʼi tshandho ha Bal-poʼi dkar chag.</subfield>
  </datafield>
  <datafield tag="740" ind1="0" ind2="1">
    <subfield code="a">Yul chen po ñe baʼi tshandho ha Bal-poʼi dkar chag.</subfield>
  </datafield>
  <datafield tag="740" ind1="0" ind2="1">
    <subfield code="a">Gaṅs-can rna baʼi bdud rtsi.</subfield>
  </datafield>
  <datafield tag="740" ind1="0" ind2="1">
    <subfield code="a">Stag mo źus pa źes bya ba Theg pa chen poʼi mdo.</subfield>
  </datafield>
  <datafield tag="740" ind1="0" ind2="1">
    <subfield code="a">Thos pas grol ba.</subfield>
  </datafield>
</record>