

<record xmlns="http://www.loc.gov/MARC21/slim"
xmlns:xsi="http://www.w3.org/2001/XMLSchema-instance"
xsi:schemaLocation="http://www.loc.gov/MARC21/slim
http://www.loc.gov/standards/marcxml/schema/MARC21slim.xsd">
  <leader>     nam a2200217Ka 4504</leader>
  <controlfield tag="001">011093050-9</controlfield>
  <controlfield tag="005">20070914232551.0</controlfield>
  <controlfield tag="008">871028s1983    ii a          00010 tib d</controlfield>
  <datafield tag="010" ind1=" " ind2=" ">
    <subfield code="a">   83907638</subfield>
  </datafield>
  <datafield tag="035" ind1=" " ind2=" ">
    <subfield code="a">(Crl)b10785541</subfield>
  </datafield>
  <datafield tag="035" ind1="0" ind2=" ">
    <subfield code="a">ocm16910408</subfield>
  </datafield>
  <datafield tag="040" ind1=" " ind2=" ">
    <subfield code="a">CRL</subfield>
    <subfield code="c">CRL</subfield>
    <subfield code="d">MH</subfield>
  </datafield>
  <datafield tag="100" ind1="0" ind2=" ">
    <subfield code="a">Bstan-ʼdzin-chos-kyi-blo-gros,</subfield>
    <subfield code="c">Che-tshaṅ VI,</subfield>
    <subfield code="d">1868-</subfield>
  </datafield>
  <datafield tag="245" ind1="1" ind2="0">
    <subfield code="a">Gsaṅ lam sgrub paʼi gnas chen ñer bziʼi ya gyal Gau dā wa ri ʼam ʼbrog La phyi gaṅs kyi ra baʼi sṅon byuṅ gi tshul las brtsams paʼi gtam gyi rab tu byed pa ñuṅ ṅu rnam gsal :</subfield>
    <subfield code="b">an account of the place of meditation known as La-phyi in western Tibet / by ʼBri-guṅ Bstan-ʼdzin-chos-kyi-blo-gros.</subfield>
  </datafield>
  <datafield tag="260" ind1=" " ind2=" ">
    <subfield code="a">Gangtok :</subfield>
    <subfield code="b">Sherab Gyaltsen,</subfield>
    <subfield code="c">1983.</subfield>
  </datafield>
  <datafield tag="300" ind1=" " ind2=" ">
    <subfield code="a">73 p. :</subfield>
    <subfield code="b">ill. ;</subfield>
    <subfield code="c">19 cm.</subfield>
  </datafield>
  <datafield tag="500" ind1=" " ind2=" ">
    <subfield code="a">In Tibetan.</subfield>
  </datafield>
  <datafield tag="500" ind1=" " ind2=" ">
    <subfield code="a">Title on cover: A guide to the pilgrimage retreats near Labchi.</subfield>
  </datafield>
</record>