

<record xmlns="http://www.loc.gov/MARC21/slim"
xmlns:xsi="http://www.w3.org/2001/XMLSchema-instance"
xsi:schemaLocation="http://www.loc.gov/MARC21/slim
http://www.loc.gov/standards/marcxml/schema/MARC21slim.xsd">
  <leader>     nam a2200361Ia 4504</leader>
  <controlfield tag="001">011197673-1</controlfield>
  <controlfield tag="005">20071005171547.0</controlfield>
  <controlfield tag="008">811216s1980    ii            00010 tibod</controlfield>
  <datafield tag="010" ind1=" " ind2=" ">
    <subfield code="a">   80904441</subfield>
  </datafield>
  <datafield tag="025" ind1=" " ind2=" ">
    <subfield code="a">PL480:I-Tib-2116</subfield>
  </datafield>
  <datafield tag="035" ind1=" " ind2=" ">
    <subfield code="a">(Crl)b11693964</subfield>
  </datafield>
  <datafield tag="035" ind1="0" ind2=" ">
    <subfield code="a">ocm08000299</subfield>
  </datafield>
  <datafield tag="040" ind1=" " ind2=" ">
    <subfield code="a">IUL</subfield>
    <subfield code="c">IUL</subfield>
    <subfield code="d">m/c</subfield>
    <subfield code="d">CRL</subfield>
    <subfield code="d">MH</subfield>
  </datafield>
  <datafield tag="043" ind1=" " ind2=" ">
    <subfield code="a">a-cc-ti</subfield>
  </datafield>
  <datafield tag="100" ind1="0" ind2=" ">
    <subfield code="a">Blo-bzaṅ-bstan-ʼdzin,</subfield>
    <subfield code="c">Gu-ge Yoṅs-ʼdzin,</subfield>
    <subfield code="d">1748-</subfield>
  </datafield>
  <datafield tag="245" ind1="1" ind2="0">
    <subfield code="a">Chos grwa chen po Bkra śis lhun poʼi Gsaṅ sṅags rgyud pa grwa tshaṅ gi rdo rje slob dpon rnams kyi rtogs pa brjod pa Dpag bsam ljon paʼi dbaṅ po :</subfield>
    <subfield code="b">lives of the successive vajrācārya or hierarchs of the Tantric College of Tashilhunpo /</subfield>
    <subfield code="c">written by Gu-ge Yoṅs-ʼdzin Blo-bzaṅ-bstan-ʼdzin and revised and completed to 1959 by Bkaʼ-chen Blo-bzaṅ-bzod-pa ; Dpal ldan bla ma dam pa Khyab bdag Rdo rje sems dpaʼi ṅo bo Yoṅs ʼdzin No min han ṅes don gyi Mahā paṇḍi ta Blo bzaṅ bstan ʼdzin dpal bzaṅ poʼi źal sṅa nas kyi sku gsuṅ thugs kyi rtogs pa brjod paʼi gtam rdzu ʼphrul ʼod zer phyogs brgyar ʼgyed paʼi ñin byed : a biography of Gu-ge Yoṅs-ʼdzin Blo-bzaṅ-bstan-ʼdzin by the Fourth Panchen Bstan-paʼi-ñi-ma.</subfield>
  </datafield>
  <datafield tag="260" ind1=" " ind2=" ">
    <subfield code="a">Delhi :</subfield>
    <subfield code="b">Chophel Legdan,</subfield>
    <subfield code="c">1980.</subfield>
  </datafield>
  <datafield tag="300" ind1=" " ind2=" ">
    <subfield code="a">590 columns ;</subfield>
    <subfield code="c">28 x 37 cm.</subfield>
  </datafield>
  <datafield tag="500" ind1=" " ind2=" ">
    <subfield code="a">In Tibetan.</subfield>
  </datafield>
  <datafield tag="500" ind1=" " ind2=" ">
    <subfield code="a">Spine title: Biographies of hierarchs of the Tantric College of Tashilhunpo.</subfield>
  </datafield>
  <datafield tag="500" ind1=" " ind2=" ">
    <subfield code="a">Cover title: Bkra śis lhun po&apos;i Gsaṅ sṅags rgyud pa grwa tshaṅ gi gdan rabs.</subfield>
  </datafield>
  <datafield tag="610" ind1="2" ind2="0">
    <subfield code="a">Bkra-śis-lhun-po Monastery.</subfield>
    <subfield code="b">Rgyud-pa Grwa-tshaṅ.</subfield>
  </datafield>
  <datafield tag="650" ind1=" " ind2="0">
    <subfield code="a">Tantric Buddhism</subfield>
    <subfield code="z">China</subfield>
    <subfield code="z">Tibet Autonomous Region</subfield>
    <subfield code="v">Biography.</subfield>
  </datafield>
  <datafield tag="650" ind1=" " ind2="0">
    <subfield code="a">Dge-lugs-pa (Sect)</subfield>
    <subfield code="v">Biography.</subfield>
  </datafield>
  <datafield tag="650" ind1=" " ind2="0">
    <subfield code="a">Dge-lugs-pa lamas</subfield>
    <subfield code="z">China</subfield>
    <subfield code="z">Tibet Autonomous Region</subfield>
    <subfield code="v">Biography.</subfield>
  </datafield>
  <datafield tag="650" ind1=" " ind2="0">
    <subfield code="a">Tibetan language</subfield>
    <subfield code="v">Texts.</subfield>
  </datafield>
  <datafield tag="600" ind1="0" ind2="0">
    <subfield code="a">Blo-bzaṅ-bstan-ʼdzin,</subfield>
    <subfield code="c">Gu-ge Yoṅs-ʼdzin,</subfield>
    <subfield code="d">1748-</subfield>
  </datafield>
  <datafield tag="700" ind1="0" ind2=" ">
    <subfield code="a">Blo-bzaṅ-bzod-pa,</subfield>
    <subfield code="c">Khrig-tse Dkaʼ-chen.</subfield>
  </datafield>
  <datafield tag="700" ind1="0" ind2="2">
    <subfield code="a">Bstan-paʼi-ñi-ma,</subfield>
    <subfield code="c">Panchen Lama IV,</subfield>
    <subfield code="d">1781-1854.</subfield>
    <subfield code="t">Dpal-1dan bla-ma-dam-pa Khyab-bdag Rdo-rje-sems-dpaʼi ṅo bo Yoṅs-ʼdzin No-min-han ... rtogs brjod.</subfield>
  </datafield>
  <datafield tag="740" ind1="0" ind2=" ">
    <subfield code="a">Dpal-ldan bla-ma-dam-pa Khyab-bdag Rdo-rje-sems-dpaʼi ṅo bo Yoṅs-ʼdzin No-min-han ... rtogs brjod.</subfield>
  </datafield>
  <datafield tag="740" ind1="0" ind2=" ">
    <subfield code="a">Biographies of hierarchs of the Tantric College of Tashilhunpo.</subfield>
  </datafield>
</record>