

<record xmlns="http://www.loc.gov/MARC21/slim"
xmlns:xsi="http://www.w3.org/2001/XMLSchema-instance"
xsi:schemaLocation="http://www.loc.gov/MARC21/slim
http://www.loc.gov/standards/marcxml/schema/MARC21slim.xsd">
  <leader>     nam a2200349Ia 4500</leader>
  <controlfield tag="001">011197943-9</controlfield>
  <controlfield tag="005">20121031095012.0</controlfield>
  <controlfield tag="008">820119s1979    bt g          00010 tib d</controlfield>
  <datafield tag="010" ind1=" " ind2=" ">
    <subfield code="a">   80904352</subfield>
  </datafield>
  <datafield tag="025" ind1=" " ind2=" ">
    <subfield code="a">PL480: I(Bhu)-Tib-267</subfield>
  </datafield>
  <datafield tag="035" ind1=" " ind2=" ">
    <subfield code="a">(Crl)b11702291</subfield>
  </datafield>
  <datafield tag="035" ind1="0" ind2=" ">
    <subfield code="a">ocm08074391</subfield>
  </datafield>
  <datafield tag="040" ind1=" " ind2=" ">
    <subfield code="a">IUL</subfield>
    <subfield code="c">IUL</subfield>
    <subfield code="d">m/c</subfield>
    <subfield code="d">CRL</subfield>
    <subfield code="d">MH</subfield>
  </datafield>
  <datafield tag="043" ind1=" " ind2=" ">
    <subfield code="a">a-cc-ti</subfield>
  </datafield>
  <datafield tag="100" ind1="0" ind2=" ">
    <subfield code="a">Chos-rje-gliṅ-pa,</subfield>
    <subfield code="d">1682-</subfield>
  </datafield>
  <datafield tag="245" ind1="1" ind2="0">
    <subfield code="a">Sādhanas for the practice of the Bla ma rig ʼdzin ʼdzin ʼdus pa, Bkaʼ brgyad, and Bla ma gsaṅ ba ʼdus pa /</subfield>
    <subfield code="c">arranged by O-rgyan Chos-rje-gliṅ-pa, Mkhan-chen O-ḍi-ya-na, and the Fifth Dalai Lama Ṅag-dbaṅ-blo-bzaṅ-rgya-mtsho.</subfield>
  </datafield>
  <datafield tag="260" ind1=" " ind2=" ">
    <subfield code="a">Paro :</subfield>
    <subfield code="b">Ugyen Tempai Gyaltsen,</subfield>
    <subfield code="c">1979.</subfield>
  </datafield>
  <datafield tag="300" ind1=" " ind2=" ">
    <subfield code="a">339 p. :</subfield>
    <subfield code="b">music ;</subfield>
    <subfield code="c">8 x 36 cm.</subfield>
  </datafield>
  <datafield tag="490" ind1="0" ind2=" ">
    <subfield code="a">Rin chen gter mdzod chen poʼi rgyab chos ;</subfield>
    <subfield code="v">v. 14.</subfield>
  </datafield>
  <datafield tag="500" ind1=" " ind2=" ">
    <subfield code="a">In cursive Tibetan.</subfield>
  </datafield>
  <datafield tag="500" ind1=" " ind2=" ">
    <subfield code="a">&quot;Reproduced from rare mss. from the library of the late Lopon Choedak at the order of H.H Dingo Chhentse Rimpoche.&quot;</subfield>
  </datafield>
  <datafield tag="500" ind1=" " ind2=" ">
    <subfield code="a">Title on boards: Sadhanas of the Rig ʼdzin ʼdus pa and Bla ma gsaṅ ʼdus.</subfield>
  </datafield>
  <datafield tag="600" ind1="0" ind2="0">
    <subfield code="a">Bdud-ʼdul-rdo-rje,</subfield>
    <subfield code="c">Spo-bo Gter-ston,</subfield>
    <subfield code="d">1615-1672.</subfield>
    <subfield code="t">Bla ma rig ʼdzin dus pa.</subfield>
  </datafield>
  <datafield tag="600" ind1="0" ind2="0">
    <subfield code="a">Gu-ru Chos-kyi-dbaṅ-phyug,</subfield>
    <subfield code="d">1212-1273.</subfield>
    <subfield code="t">Bla ma gsaṅ ba ʼdus pa.</subfield>
  </datafield>
  <datafield tag="650" ind1=" " ind2="0">
    <subfield code="a">Bkaʼ brgyad.</subfield>
  </datafield>
  <datafield tag="650" ind1=" " ind2="0">
    <subfield code="a">Rñiṅ-ma-pa (Sect)</subfield>
    <subfield code="x">Rituals.</subfield>
  </datafield>
  <datafield tag="650" ind1=" " ind2="0">
    <subfield code="a">Tibetan language</subfield>
    <subfield code="v">Texts.</subfield>
  </datafield>
  <datafield tag="700" ind1="0" ind2=" ">
    <subfield code="a">O-ḍi-ya-na,</subfield>
    <subfield code="c">Mkhan-chen.</subfield>
  </datafield>
  <datafield tag="700" ind1="0" ind2=" ">
    <subfield code="a">Ṅag-dbaṅ-blo-bzaṅ-rgya-mtsho,</subfield>
    <subfield code="c">Dalai Lama V,</subfield>
    <subfield code="d">1617-1682.</subfield>
  </datafield>
  <datafield tag="740" ind1="0" ind2=" ">
    <subfield code="a">Sadhanas of the Rig ʼdzin ʼdus pa and Bla ma gsaṅ ʼdus.</subfield>
  </datafield>
</record>