

<record xmlns="http://www.loc.gov/MARC21/slim"
xmlns:xsi="http://www.w3.org/2001/XMLSchema-instance"
xsi:schemaLocation="http://www.loc.gov/MARC21/slim
http://www.loc.gov/standards/marcxml/schema/MARC21slim.xsd">
  <leader>     nam a2200361Ia 4504</leader>
  <controlfield tag="001">011198839-X</controlfield>
  <controlfield tag="005">20071005171643.0</controlfield>
  <controlfield tag="008">820304s1976    ii            000 0 tibod</controlfield>
  <datafield tag="010" ind1=" " ind2=" ">
    <subfield code="a">   77902154</subfield>
  </datafield>
  <datafield tag="025" ind1=" " ind2=" ">
    <subfield code="a">PL480:I-Tib-1621</subfield>
  </datafield>
  <datafield tag="035" ind1=" " ind2=" ">
    <subfield code="a">(Crl)b11730158</subfield>
  </datafield>
  <datafield tag="035" ind1="0" ind2=" ">
    <subfield code="a">ocm08212241</subfield>
  </datafield>
  <datafield tag="040" ind1=" " ind2=" ">
    <subfield code="a">IUL</subfield>
    <subfield code="c">IUL</subfield>
    <subfield code="d">m/c</subfield>
    <subfield code="d">CRL</subfield>
    <subfield code="d">MH</subfield>
  </datafield>
  <datafield tag="043" ind1=" " ind2=" ">
    <subfield code="a">a-cc-ti</subfield>
  </datafield>
  <datafield tag="100" ind1="0" ind2=" ">
    <subfield code="a">Rin-spuṅs-pa Ṅag-dbaṅ-ʼjig-rten-dbaṅ-phyug-grags-pa,</subfield>
    <subfield code="d">1482-</subfield>
  </datafield>
  <datafield tag="245" ind1="1" ind2="0">
    <subfield code="a">Rtogs brjod Dpag bsam ʼkhri śiṅ daṅ Skyes rabs so bźi paʼi don bsduʼi tshigs su bcad pa /</subfield>
    <subfield code="c">Rin-ṡpuṅs Ṅag-dbaṅ-ʼjigs-grags kyis mdzad pa.</subfield>
  </datafield>
  <datafield tag="260" ind1=" " ind2=" ">
    <subfield code="a">Dharamsala :</subfield>
    <subfield code="b">Library of Tibetan Works and Archives,</subfield>
    <subfield code="c">1976.</subfield>
  </datafield>
  <datafield tag="300" ind1=" " ind2=" ">
    <subfield code="a">[6], 54 p. ;</subfield>
    <subfield code="c">22 cm.</subfield>
  </datafield>
  <datafield tag="500" ind1=" " ind2=" ">
    <subfield code="a">In Tibetan ; pref. in English.</subfield>
  </datafield>
  <datafield tag="500" ind1=" " ind2=" ">
    <subfield code="a">From two handwritten mss. belonging to Lobpon Nagdo and the LTWA.</subfield>
  </datafield>
  <datafield tag="500" ind1=" " ind2=" ">
    <subfield code="a">Added title: Poems on Bodhisattvāvadāna-Kalpalatā and Jātakamālā.</subfield>
  </datafield>
  <datafield tag="505" ind1="0" ind2=" ">
    <subfield code="a">Dpag bsam ʼkhri śiṅ gi bsdus donTshaṅs-sras mgrin brgya sdebs paʼi ṅag gi me loṅ -- Thub-paʼi-dbaṅ-poʼi skyes paʼi rabs kyi ʼphreṅ baʼi tshigs su bcad pa.</subfield>
  </datafield>
  <datafield tag="600" ind1="0" ind2="0">
    <subfield code="a">Gautama Buddha</subfield>
    <subfield code="x">Pre-existence.</subfield>
  </datafield>
  <datafield tag="600" ind1="0" ind2="0">
    <subfield code="a">Kṣemendra,</subfield>
    <subfield code="d">active 11th century.</subfield>
    <subfield code="t">Avadānakalpalatā.</subfield>
  </datafield>
  <datafield tag="600" ind1="0" ind2="0">
    <subfield code="a">Āryaśūra.</subfield>
    <subfield code="t">Jātakamālā.</subfield>
  </datafield>
  <datafield tag="650" ind1=" " ind2="0">
    <subfield code="a">Tibetan language</subfield>
    <subfield code="v">Texts.</subfield>
  </datafield>
  <datafield tag="700" ind1="0" ind2="2">
    <subfield code="a">Rin-spuṅs-pa Ṅag-dbaṅ-ʼjig-rten-dbaṅ-phyug-grags-pa,</subfield>
    <subfield code="d">1482-</subfield>
    <subfield code="t">Dpag bsam ʼkhri śiṅ gi bsdus don.</subfield>
  </datafield>
  <datafield tag="700" ind1="0" ind2="2">
    <subfield code="a">Rin-spuṅs-pa Ṅag-dbaṅ-ʼjig-rten-dbaṅ-phyug-grags-pa,</subfield>
    <subfield code="d">1482-</subfield>
    <subfield code="t">Thub-paʼi-dbaṅ-poʼi skyes paʼi rabs kyi ʼphren ba.</subfield>
  </datafield>
  <datafield tag="740" ind1="0" ind2=" ">
    <subfield code="a">Poems on Bodhisattvāvadāna-Kalpalatā and Jātakamālā.</subfield>
  </datafield>
  <datafield tag="740" ind1="0" ind2=" ">
    <subfield code="a">Dpag bsam ʼkhri śiṅ gi bsdus don Tshaṅs-sras mgrin brgya.</subfield>
  </datafield>
  <datafield tag="740" ind1="0" ind2=" ">
    <subfield code="a">Thub-paʼi-dbaṅ-poʼi skyes paʼi rabs kyi ʼphreṅ ba.</subfield>
  </datafield>
</record>