

<record xmlns="http://www.loc.gov/MARC21/slim"
xmlns:xsi="http://www.w3.org/2001/XMLSchema-instance"
xsi:schemaLocation="http://www.loc.gov/MARC21/slim
http://www.loc.gov/standards/marcxml/schema/MARC21slim.xsd">
  <leader>     nam a2200301Ia 4500</leader>
  <controlfield tag="001">011200751-1</controlfield>
  <controlfield tag="005">20121031095210.0</controlfield>
  <controlfield tag="008">820805s1980    ii a          00010 tib d</controlfield>
  <datafield tag="010" ind1=" " ind2=" ">
    <subfield code="a">   82900985</subfield>
  </datafield>
  <datafield tag="025" ind1=" " ind2=" ">
    <subfield code="a">PL480:I-Tib-2219</subfield>
  </datafield>
  <datafield tag="035" ind1=" " ind2=" ">
    <subfield code="a">(Crl)b11837949</subfield>
  </datafield>
  <datafield tag="035" ind1="0" ind2=" ">
    <subfield code="a">ocm08660368</subfield>
  </datafield>
  <datafield tag="040" ind1=" " ind2=" ">
    <subfield code="a">IUL</subfield>
    <subfield code="c">IUL</subfield>
    <subfield code="d">m/c</subfield>
    <subfield code="d">CRL</subfield>
    <subfield code="d">MH</subfield>
  </datafield>
  <datafield tag="043" ind1=" " ind2=" ">
    <subfield code="a">a-cc-ti</subfield>
  </datafield>
  <datafield tag="100" ind1="0" ind2=" ">
    <subfield code="a">Blo-gter-dbaṅ-po,</subfield>
    <subfield code="c">ʼJam-dbyaṅs,</subfield>
    <subfield code="d">1847-approximately 1914.</subfield>
  </datafield>
  <datafield tag="245" ind1="1" ind2="0">
    <subfield code="a">Ston-mchog-thams-cad-mkhyen-pa-Thub-pʼai-dbang-poʼi Skyes-rabs-gsal-bar-brjod-pa-brgya-lnga-bcu-pa Nor-buʼi-phreng-ba-bzhugs-so :</subfield>
    <subfield code="b">a poetical rendering of the birth stories of Shakyamuni Buddha /</subfield>
    <subfield code="c">ʼJam-dbyang[s] Blo-gter Dbang-po.</subfield>
  </datafield>
  <datafield tag="260" ind1=" " ind2=" ">
    <subfield code="a">Dharamsala :</subfield>
    <subfield code="b">Library of Tibetan Works and Archives,</subfield>
    <subfield code="c">1980.</subfield>
  </datafield>
  <datafield tag="300" ind1=" " ind2=" ">
    <subfield code="a">343 columns :</subfield>
    <subfield code="b">ill. ;</subfield>
    <subfield code="c">28 x 39 cm.</subfield>
  </datafield>
  <datafield tag="490" ind1="0" ind2=" ">
    <subfield code="a">Burmiok Athing collection.</subfield>
    <subfield code="v">v. 4.</subfield>
    <subfield code="n">Series 1. ;</subfield>
  </datafield>
  <datafield tag="500" ind1=" " ind2=" ">
    <subfield code="a">In Tibetan; pref. in English and Tibetan.</subfield>
  </datafield>
  <datafield tag="500" ind1=" " ind2=" ">
    <subfield code="a">Cover title: Skyes rabs brgya lnga bcu pa.</subfield>
  </datafield>
  <datafield tag="500" ind1=" " ind2=" ">
    <subfield code="a">&quot;Reproduced from a rare Derge blocks [sic] from the library of Rai Bahadur Burmiok Athing T.D. Densapa.&quot;</subfield>
  </datafield>
  <datafield tag="600" ind1="0" ind2="0">
    <subfield code="a">Gautama Buddha</subfield>
    <subfield code="x">Pre-existence.</subfield>
  </datafield>
  <datafield tag="650" ind1=" " ind2="0">
    <subfield code="a">Tibetan language</subfield>
    <subfield code="v">Texts.</subfield>
  </datafield>
  <datafield tag="740" ind1="0" ind2=" ">
    <subfield code="a">Nor buʼi phreṅ ba.</subfield>
  </datafield>
  <datafield tag="740" ind1="0" ind2=" ">
    <subfield code="a">Skyes rabs brgya lnga bcu pa.</subfield>
  </datafield>
</record>