

<record xmlns="http://www.loc.gov/MARC21/slim"
xmlns:xsi="http://www.w3.org/2001/XMLSchema-instance"
xsi:schemaLocation="http://www.loc.gov/MARC21/slim
http://www.loc.gov/standards/marcxml/schema/MARC21slim.xsd">
  <leader>     nam a2200301Ia 4504</leader>
  <controlfield tag="001">011200983-2</controlfield>
  <controlfield tag="005">20071120185548.0</controlfield>
  <controlfield tag="008">820812s1972    ii a          00010 tibod</controlfield>
  <datafield tag="010" ind1=" " ind2=" ">
    <subfield code="a">   75900891</subfield>
  </datafield>
  <datafield tag="025" ind1=" " ind2=" ">
    <subfield code="a">PL480:I(Sik)-Tib-92</subfield>
  </datafield>
  <datafield tag="035" ind1=" " ind2=" ">
    <subfield code="a">(Crl)b11844152</subfield>
  </datafield>
  <datafield tag="035" ind1="0" ind2=" ">
    <subfield code="a">ocm08682026</subfield>
  </datafield>
  <datafield tag="040" ind1=" " ind2=" ">
    <subfield code="a">IUL</subfield>
    <subfield code="c">IUL</subfield>
    <subfield code="d">m/c</subfield>
    <subfield code="d">CRL</subfield>
    <subfield code="d">MH</subfield>
  </datafield>
  <datafield tag="043" ind1=" " ind2=" ">
    <subfield code="a">a-cc-ti</subfield>
  </datafield>
  <datafield tag="100" ind1="0" ind2=" ">
    <subfield code="a">ʼJigs-med-gliṅ-pa Raṅ-byuṅ-rdo-rje,</subfield>
    <subfield code="d">1729 or 1730-1798.</subfield>
  </datafield>
  <datafield tag="240" ind1="1" ind2="0">
    <subfield code="a">Kloṅ chen sñiṅ thig.</subfield>
    <subfield code="k">Selections</subfield>
  </datafield>
  <datafield tag="245" ind1="1" ind2="0">
    <subfield code="a">Kloṅ-chen sñiṅ gi thig le las :</subfield>
    <subfield code="b">Gnas lugs Rdo rjeʼi tshig rkaṅ; deʼi don ʼgrel Rig-ʼdzin Mkhaʼ-ʼgro-dgyes-paʼi gsaṅ gtam; Yid dpyod grub mthaʼ ʼjig paʼi tho lus; Sñiṅ phyuṅ lag mthil bkram paʼi man ṅag; Gsaṅ-bdag Dgaʼ-rab Dpaʼ-boʼi thol glu; Kun-mkhyen źal luṅ Bdud rtsiʼi thigs pa; Gol śor gcod Seṅ geʼi ṅa ro; Rdzogs pa chen po gnas lugs gcer mthoṅ bcas bźugs /</subfield>
    <subfield code="c">[Kloṅ-chen-nam-mkhaʼi-rnal-ʼbyor gyis bris]</subfield>
  </datafield>
  <datafield tag="260" ind1=" " ind2=" ">
    <subfield code="a">[Rum-btegs :</subfield>
    <subfield code="b">Karma Chos-sgar,</subfield>
    <subfield code="c">1972]</subfield>
  </datafield>
  <datafield tag="300" ind1=" " ind2=" ">
    <subfield code="a">30 [i.e. 59] p. :</subfield>
    <subfield code="b">ill. ;</subfield>
    <subfield code="c">10 x 41 cm.</subfield>
  </datafield>
  <datafield tag="500" ind1=" " ind2=" ">
    <subfield code="a">In Tibetan.</subfield>
  </datafield>
  <datafield tag="500" ind1=" " ind2=" ">
    <subfield code="a">Xylographs from blocks kept at Rum-btegs Karma-chos-sgar, Sikkim.</subfield>
  </datafield>
  <datafield tag="500" ind1=" " ind2=" ">
    <subfield code="a">Spine title: Kloṅ sñiṅ gol śor tshar bcod.</subfield>
  </datafield>
  <datafield tag="650" ind1=" " ind2="0">
    <subfield code="a">Rdzogs-chen.</subfield>
  </datafield>
  <datafield tag="650" ind1=" " ind2="0">
    <subfield code="a">Rñiṅ-ma-pa (Sect)</subfield>
    <subfield code="x">Rituals.</subfield>
  </datafield>
  <datafield tag="650" ind1=" " ind2="0">
    <subfield code="a">Tibetan language</subfield>
    <subfield code="v">Texts.</subfield>
  </datafield>
  <datafield tag="740" ind1="0" ind2=" ">
    <subfield code="a">Kloṅ sñiṅ gol śor tshar bcod.</subfield>
  </datafield>
</record>