

<record xmlns="http://www.loc.gov/MARC21/slim"
xmlns:xsi="http://www.w3.org/2001/XMLSchema-instance"
xsi:schemaLocation="http://www.loc.gov/MARC21/slim
http://www.loc.gov/standards/marcxml/schema/MARC21slim.xsd">
  <leader>     cam a2200385Ia 4504</leader>
  <controlfield tag="001">011202757-1</controlfield>
  <controlfield tag="005">20071120185601.0</controlfield>
  <controlfield tag="008">810218s1972    np            00010 tibod</controlfield>
  <datafield tag="010" ind1=" " ind2=" ">
    <subfield code="a">   77905676</subfield>
  </datafield>
  <datafield tag="025" ind1=" " ind2=" ">
    <subfield code="a">PL480: N-Tib-1578</subfield>
  </datafield>
  <datafield tag="035" ind1=" " ind2=" ">
    <subfield code="a">(Crl)b11932442</subfield>
  </datafield>
  <datafield tag="035" ind1="0" ind2=" ">
    <subfield code="a">ocm07137127</subfield>
  </datafield>
  <datafield tag="040" ind1=" " ind2=" ">
    <subfield code="a">IUL</subfield>
    <subfield code="c">IUL</subfield>
    <subfield code="d">m/c</subfield>
    <subfield code="d">OCL</subfield>
    <subfield code="d">CRL</subfield>
    <subfield code="d">MH</subfield>
  </datafield>
  <datafield tag="043" ind1=" " ind2=" ">
    <subfield code="a">a-cc-ti</subfield>
  </datafield>
  <datafield tag="100" ind1="0" ind2=" ">
    <subfield code="a">Bde-baʼi-rdo-rje.</subfield>
  </datafield>
  <datafield tag="240" ind1="1" ind2="0">
    <subfield code="a">Rdo-rje-phag-moʼi zab khrid.</subfield>
    <subfield code="k">Selections</subfield>
  </datafield>
  <datafield tag="245" ind1="0" ind2="0">
    <subfield code="a">Rdo-rje-phag-moʼi zab khrid las :</subfield>
    <subfield code="b">Dbaṅ Phur thugs kyi thigs leʼi bla maʼi thugs sgrub bar chad kun sel gyi bsñen yig ʼDod don re skoṅ yid bźin nor bu źes bya ba bźugs so /</subfield>
    <subfield code="c">[Bde-baʼi-rdo-rjes ... spyan draṅs pa]</subfield>
  </datafield>
  <datafield tag="260" ind1=" " ind2=" ">
    <subfield code="a">S.l. :</subfield>
    <subfield code="b">s.n.,</subfield>
    <subfield code="c">[1972]</subfield>
  </datafield>
  <datafield tag="300" ind1=" " ind2=" ">
    <subfield code="a">[236] p. in various pagings ;</subfield>
    <subfield code="c">10 x 45 cm.</subfield>
  </datafield>
  <datafield tag="500" ind1=" " ind2=" ">
    <subfield code="a">In Tibetan.</subfield>
  </datafield>
  <datafield tag="500" ind1=" " ind2=" ">
    <subfield code="a">Xylograph from blocks kept at Mtho-mthoṅ Dgon, Solu, Nepal.</subfield>
  </datafield>
  <datafield tag="500" ind1=" " ind2=" ">
    <subfield code="a">Stamped on t.p.: Mtho Dgon.</subfield>
  </datafield>
  <datafield tag="500" ind1=" " ind2=" ">
    <subfield code="a">Title on binder&apos;s case: Rdo rje phag moʼi zab khrid las Dbaṅ Phur thugs sgrub skor.</subfield>
  </datafield>
  <datafield tag="505" ind1="2" ind2=" ">
    <subfield code="a">Bla ma Rdo-rje-drag-rtsal gyi go cha lha lṅaʼi ʼJam-dpal-nag-poʼi las tshogs grib sruṅ Bdud rtsiʼi bum pa. -- Dbaṅ Phur thugs kyi thig leʼi bla sgrub Rdo-rje-drag-rtsal gyi smad las bsad zlog dus ʼKhrug ʼjoms paʼi bskal paʼi bskal paʼi me chen. -- Dbaṅ Phur thugs kyi thig leʼi bla ma Rdo-rje-drag-rtsal gyi cha lag ʼgoṅ po ar gtad thar med ʼchi med bdag rṅam źal. -- Dbaṅ ... bla maʼi thugs sgrub Rdo-rje-drag-rtsal gyi cha lag smon log dam sri gnas spo ʼgoṅ po gru ʼded. -- Bla maʼi thugs sgrub Rdo-rje-drag-rtsal gyi cha lag nad rims bzlog paʼi rim pa mdos glud Nag bdag rims gcod. --</subfield>
  </datafield>
  <datafield tag="500" ind1=" " ind2=" ">
    <subfield code="a">Dbaṅ ... bla maʼi thugs sgrub Rdo-rje-drag-rtsal gyi cha lag sa bcud gso ba bkrs śis bum pa. -- Dbaṅ ... bla maʼi thugs sgrub Rdo-rje-drag-rtsal gyi las mthaʼ nā ga klu ʼdul gyi rim pa ... -- Bla ma Rdo-rje-drag-rtsal gyi sruṅ ba Rdo rjeʼi go khrab. -- Dbaṅ ... bla ma Rdo-rje-drag-rtsal gyi rgyud rtsa ba Raṅ byuṅ rig paʼi rgyud kyi rgyal po. -- Dbaṅ ... bla maʼi thugs sgrub Rdo-rje-drag-rtsal gyi dbaṅ dpe Bsam don kun ʼgrub. -- Bla sgrub Rdo-rje-drag-rtsal gyi dbaṅ gi rim pa bklags chog tu bkod pa ʼJaʼ lus ʼchi med bum bzaṅ. -- Gter sruṅ gsol bsdus bsam don mgur ʼgrub.</subfield>
  </datafield>
  <datafield tag="650" ind1=" " ind2="0">
    <subfield code="a">Guruyoga.</subfield>
  </datafield>
  <datafield tag="600" ind1="0" ind2="0">
    <subfield code="a">Padma Sambhava,</subfield>
    <subfield code="d">approximately 717-approximately 762</subfield>
    <subfield code="x">Cult.</subfield>
  </datafield>
  <datafield tag="650" ind1=" " ind2="0">
    <subfield code="a">Rñiṅ-ma-pa (Sect)</subfield>
    <subfield code="x">Rituals.</subfield>
  </datafield>
  <datafield tag="650" ind1=" " ind2="0">
    <subfield code="a">Tibetan language</subfield>
    <subfield code="v">Texts.</subfield>
  </datafield>
  <datafield tag="740" ind1="0" ind2=" ">
    <subfield code="a">Rdo rje phag moʼi zab khrid las Dbaṅ Phur thugs sgrub skor.</subfield>
  </datafield>
  <datafield tag="740" ind1="0" ind2=" ">
    <subfield code="a">Dbaṅ Phur thugs kyi thigs leʼi bla maʼi thugs sgrub Bar chad kun sel gyi bsñen yig.</subfield>
  </datafield>
  <datafield tag="740" ind1="0" ind2=" ">
    <subfield code="a">Bar chad kun sel gyi bsñen yig.</subfield>
  </datafield>
  <datafield tag="740" ind1="0" ind2=" ">
    <subfield code="a">ʼDod don re skoṅ yid bźin nor bu.</subfield>
  </datafield>
</record>