

<record xmlns="http://www.loc.gov/MARC21/slim"
xmlns:xsi="http://www.w3.org/2001/XMLSchema-instance"
xsi:schemaLocation="http://www.loc.gov/MARC21/slim
http://www.loc.gov/standards/marcxml/schema/MARC21slim.xsd">
  <leader>     cam a2200301Ia 4504</leader>
  <controlfield tag="001">011206338-1</controlfield>
  <controlfield tag="005">20071120185634.0</controlfield>
  <controlfield tag="008">811130s1980    ii            00010btibod</controlfield>
  <datafield tag="010" ind1=" " ind2=" ">
    <subfield code="a">   81901492</subfield>
  </datafield>
  <datafield tag="025" ind1=" " ind2=" ">
    <subfield code="a">PL480: I-Tib-2132</subfield>
  </datafield>
  <datafield tag="035" ind1=" " ind2=" ">
    <subfield code="a">(Crl)b12040204</subfield>
  </datafield>
  <datafield tag="035" ind1="0" ind2=" ">
    <subfield code="a">ocm07959943</subfield>
  </datafield>
  <datafield tag="040" ind1=" " ind2=" ">
    <subfield code="a">IUL</subfield>
    <subfield code="c">IUL</subfield>
    <subfield code="d">m/c</subfield>
    <subfield code="d">CRL</subfield>
    <subfield code="d">MH</subfield>
  </datafield>
  <datafield tag="043" ind1=" " ind2=" ">
    <subfield code="a">a-cc-ti</subfield>
  </datafield>
  <datafield tag="100" ind1="0" ind2=" ">
    <subfield code="a">Ṅag-dbaṅ-kun-dgaʼ-bsod-nams,</subfield>
    <subfield code="c">ʼJam-mgon A-myes-źabs,</subfield>
    <subfield code="d">1597-approximately 1662.</subfield>
  </datafield>
  <datafield tag="240" ind1="1" ind2="0">
    <subfield code="a">Ṅor-chen Dkon-mchog-lhun-grub kyi rnam thar</subfield>
  </datafield>
  <datafield tag="245" ind1="1" ind2="0">
    <subfield code="a">Ngor chen Dkon mchog lhun grub kyi rnam thar /</subfield>
    <subfield code="c">ʼJam mgon A myes zhabs.</subfield>
  </datafield>
  <datafield tag="260" ind1=" " ind2=" ">
    <subfield code="a">Gangtok :</subfield>
    <subfield code="b">Sherab Gyaltsen,</subfield>
    <subfield code="c">1980.</subfield>
  </datafield>
  <datafield tag="300" ind1=" " ind2=" ">
    <subfield code="a">52 p. ;</subfield>
    <subfield code="c">8 x 38 cm.</subfield>
  </datafield>
  <datafield tag="500" ind1=" " ind2=" ">
    <subfield code="a">In cursive Tibetan.</subfield>
  </datafield>
  <datafield tag="500" ind1=" " ind2=" ">
    <subfield code="a">Title of text: Rje-btsun Mkhas-paʼi-dbaṅ-po Dkon-mchog-lhun-grub kyi rnam thar.</subfield>
  </datafield>
  <datafield tag="520" ind1=" " ind2=" ">
    <subfield code="a">Biography of Nor-chen, Dkon-mchog-lhun-grub, 1497-1557, scholar of the Sakyapa tradition in Tibetan Buddhism.</subfield>
  </datafield>
  <datafield tag="600" ind1="0" ind2="0">
    <subfield code="a">Dkon-mchog-lhun-grub,</subfield>
    <subfield code="c">Ṅor-chen,</subfield>
    <subfield code="d">1497-1557.</subfield>
  </datafield>
  <datafield tag="650" ind1=" " ind2="0">
    <subfield code="a">Sa-skya-pa lamas</subfield>
    <subfield code="z">China</subfield>
    <subfield code="z">Tibet Autonomous Region</subfield>
    <subfield code="v">Biography.</subfield>
  </datafield>
  <datafield tag="650" ind1=" " ind2="0">
    <subfield code="a">Tibetan language</subfield>
    <subfield code="v">Texts.</subfield>
  </datafield>
  <datafield tag="740" ind1="0" ind2=" ">
    <subfield code="a">Rje-btsun Mkhas-paʼi-dbaṅ-po Dkon-mchog-lhun-grub kyi rnam thar.</subfield>
  </datafield>
</record>