

<record xmlns="http://www.loc.gov/MARC21/slim"
xmlns:xsi="http://www.w3.org/2001/XMLSchema-instance"
xsi:schemaLocation="http://www.loc.gov/MARC21/slim
http://www.loc.gov/standards/marcxml/schema/MARC21slim.xsd">
  <leader>     nam a2200313Ii 4504</leader>
  <controlfield tag="001">011206737-9</controlfield>
  <controlfield tag="005">20071005172240.0</controlfield>
  <controlfield tag="008">800312s1972    ii            000 0 tib d</controlfield>
  <datafield tag="010" ind1=" " ind2=" ">
    <subfield code="a">   74903278</subfield>
  </datafield>
  <datafield tag="025" ind1=" " ind2=" ">
    <subfield code="a">PL480:I(Sik)-Tib-230</subfield>
  </datafield>
  <datafield tag="035" ind1=" " ind2=" ">
    <subfield code="a">(Crl)b12056327</subfield>
  </datafield>
  <datafield tag="035" ind1="0" ind2=" ">
    <subfield code="a">ocm06072911</subfield>
  </datafield>
  <datafield tag="040" ind1=" " ind2=" ">
    <subfield code="a">IUL</subfield>
    <subfield code="c">IUL</subfield>
    <subfield code="d">m.c.</subfield>
    <subfield code="d">m/c</subfield>
    <subfield code="d">CRL</subfield>
    <subfield code="d">MH</subfield>
  </datafield>
  <datafield tag="100" ind1="0" ind2=" ">
    <subfield code="a">Mchog-gyur-gliṅ-pa,</subfield>
    <subfield code="c">Gter-ston,</subfield>
    <subfield code="d">1829-1870.</subfield>
  </datafield>
  <datafield tag="245" ind1="1" ind2="0">
    <subfield code="a">Bla maʼi thugs sgrub bar chad kun sel gyi chos skor /</subfield>
    <subfield code="c">[Mchog-gyur-bde-chen-gliṅ-paʼi bka.</subfield>
  </datafield>
  <datafield tag="260" ind1=" " ind2=" ">
    <subfield code="a">Sgaṅ-tog :</subfield>
    <subfield code="b">s.n.,</subfield>
    <subfield code="c">1972]</subfield>
  </datafield>
  <datafield tag="300" ind1=" " ind2=" ">
    <subfield code="a">142 [i.e. 286] p. ;</subfield>
    <subfield code="c">10 x 55 cm.</subfield>
  </datafield>
  <datafield tag="500" ind1=" " ind2=" ">
    <subfield code="a">In Tibetan.</subfield>
  </datafield>
  <datafield tag="500" ind1=" " ind2=" ">
    <subfield code="a">With interpretations by Koṅ-sprul Blo-gros-mthaʼ-yas and ʼJam-dbyaṅs Mkhyen-brtseʼi-dbaṅ-po.</subfield>
  </datafield>
  <datafield tag="505" ind1="0" ind2=" ">
    <subfield code="a">Sṅon ʼgroʼi ṅag ʼdon byaṅ chub mchog gi sa bon.--Brgyud paʼi gsol ʼdebs dṅos grub dpal ster.--Sprul paʼi gter chen Mchog-gyur-gliṅ-paʼi rnam thar gsol ʼdebs bkra śis ʼkhyil paʼi dbyaṅs sñan.--Phrin las sṅon ʼgroʼi chos bdun.--Bsñen sgrub dzapra kyi bkol byaṅ--Rdo-rje-gliṅ-paʼi gter byon rtsa gsum spyiʼi bskaṅ bsdus.--Phrin las ʼbriṅ po.--Tshogs la rol ba.--Tshogs khor skabs ʼdus pa maṅ du tshogs paʼi tshe tshogs kyi phrin las gdab pa.--Skoṅ ba bsdus pa gʹyu źal ma.--Bsñen sgrub zin bris mdor bsdus su bkod pa sā la chen poʼi sa bon.--Bzlas paʼi skabs dzapra khaṅ dbye ba.--Bkaʼ sruṅ tshe riṅ maʼi gtor ʼbul mjug tu bskaṅ baʼi thog mar bskaṅ rdzas byin gyis brlabs pa.--Skyabs yul spyan ʼdren.--Sman mchod skabs mtshan don.--Phyi mchod rgyas par spro.--Rtsa gsum chos skyoṅ daṅ bcas pa rnams la gtor ma bsdo ba phrin las myur mgyogs.--Bkaʼ gter sruṅ maʼi gter bsdo bsdus pa.--Bkaʼ sruṅ tshe rin mched lṅaʼi sgrub thabs.--Ñams chag sdig sgrib thams cad bśags paʼi rgyal po Na rag doṅ sprug.</subfield>
  </datafield>
  <datafield tag="650" ind1=" " ind2="0">
    <subfield code="a">Rñiṅ-ma-pa (Sect)</subfield>
    <subfield code="x">Rituals.</subfield>
  </datafield>
  <datafield tag="650" ind1=" " ind2="0">
    <subfield code="a">Rdzogs-chen.</subfield>
  </datafield>
  <datafield tag="650" ind1=" " ind2="0">
    <subfield code="a">Guruyoga.</subfield>
  </datafield>
  <datafield tag="600" ind1="0" ind2="0">
    <subfield code="a">Padma Sambhava,</subfield>
    <subfield code="d">approximately 717-approximately 762</subfield>
    <subfield code="x">Cult.</subfield>
  </datafield>
  <datafield tag="650" ind1=" " ind2="0">
    <subfield code="a">Tibetan language</subfield>
    <subfield code="v">Texts.</subfield>
  </datafield>
  <datafield tag="700" ind1="0" ind2=" ">
    <subfield code="a">Koṅ-sprul Blo-gros-mthaʼ-yas,</subfield>
    <subfield code="d">1813-1899.</subfield>
  </datafield>
  <datafield tag="700" ind1="0" ind2=" ">
    <subfield code="a">Mkhyen-brtseʼi-dbaṅ-po,</subfield>
    <subfield code="c">ʼJam-dbyaṅs,</subfield>
    <subfield code="d">1820-1892.</subfield>
  </datafield>
</record>