

<record xmlns="http://www.loc.gov/MARC21/slim"
xmlns:xsi="http://www.w3.org/2001/XMLSchema-instance"
xsi:schemaLocation="http://www.loc.gov/MARC21/slim
http://www.loc.gov/standards/marcxml/schema/MARC21slim.xsd">
  <leader>     nam a2200289Ii 4504</leader>
  <controlfield tag="001">011215503-0</controlfield>
  <controlfield tag="005">20071005172900.0</controlfield>
  <controlfield tag="008">790210s1976    ii            00010 tib d</controlfield>
  <datafield tag="010" ind1=" " ind2=" ">
    <subfield code="a">   77900737</subfield>
  </datafield>
  <datafield tag="025" ind1=" " ind2=" ">
    <subfield code="a">PL480:I-Tib-1636</subfield>
  </datafield>
  <datafield tag="035" ind1=" " ind2=" ">
    <subfield code="a">(Crl)b1248037x</subfield>
  </datafield>
  <datafield tag="035" ind1="0" ind2=" ">
    <subfield code="a">ocm04637640</subfield>
  </datafield>
  <datafield tag="040" ind1=" " ind2=" ">
    <subfield code="a">IUL</subfield>
    <subfield code="c">IUL</subfield>
    <subfield code="d">m/c</subfield>
    <subfield code="d">CRL</subfield>
    <subfield code="d">MH</subfield>
  </datafield>
  <datafield tag="100" ind1="0" ind2=" ">
    <subfield code="a">Bkra-śis-rnam-rgyal,</subfield>
    <subfield code="c">Dwags-po Paṇ-chen,</subfield>
    <subfield code="d">1512 or 1513-1587.</subfield>
  </datafield>
  <datafield tag="245" ind1="1" ind2="0">
    <subfield code="a">Gsaṅ sṅags Rdo rje theg paʼi spyi don mdor bsdus pa legs bśad nor buʼi ʼod zer :</subfield>
    <subfield code="b">a general study on the implications of Varjayāna [sic] Buddhism /</subfield>
    <subfield code="c">by Dwags-po Paṇ-chen Bkra-śis-rnam-rgyal.</subfield>
  </datafield>
  <datafield tag="260" ind1=" " ind2=" ">
    <subfield code="a">[Delhi] :</subfield>
    <subfield code="b">Delhi Karmapae Chodhey Gyalwae Sungrab Partun Khang,</subfield>
    <subfield code="c">1976.</subfield>
  </datafield>
  <datafield tag="300" ind1=" " ind2=" ">
    <subfield code="a">148 p. ;</subfield>
    <subfield code="c">10 x 50 cm.</subfield>
  </datafield>
  <datafield tag="500" ind1=" " ind2=" ">
    <subfield code="a">Added title on boards: Sṅags kyi spyi don nor buʼi ʼod zer.</subfield>
  </datafield>
  <datafield tag="500" ind1=" " ind2=" ">
    <subfield code="a">&quot;Reproduced from a print from Central Tibetan blocks at the order of the Sixteenth Rgyal-dbaṅ Karma-pa.&quot;</subfield>
  </datafield>
  <datafield tag="500" ind1=" " ind2=" ">
    <subfield code="a">Text in Tibetan.</subfield>
  </datafield>
  <datafield tag="500" ind1=" " ind2=" ">
    <subfield code="a">In a case.</subfield>
  </datafield>
  <datafield tag="520" ind1=" " ind2=" ">
    <subfield code="a">On Vajrayana Buddhism; a general study by a scholar of the Dakpo Kargyudpa tradition.</subfield>
  </datafield>
  <datafield tag="650" ind1=" " ind2="0">
    <subfield code="a">Tantric Buddhism.</subfield>
  </datafield>
  <datafield tag="650" ind1=" " ind2="0">
    <subfield code="a">Tibetan language</subfield>
    <subfield code="v">Texts.</subfield>
  </datafield>
  <datafield tag="740" ind1="0" ind2=" ">
    <subfield code="a">Sṅags kyi spyi don nor buʼi ʼod zer.</subfield>
  </datafield>
</record>