

<record xmlns="http://www.loc.gov/MARC21/slim"
xmlns:xsi="http://www.w3.org/2001/XMLSchema-instance"
xsi:schemaLocation="http://www.loc.gov/MARC21/slim
http://www.loc.gov/standards/marcxml/schema/MARC21slim.xsd">
  <leader>     cam a2200289Ia 4504</leader>
  <controlfield tag="001">011224461-0</controlfield>
  <controlfield tag="005">20100413153356.0</controlfield>
  <controlfield tag="008">830712s1982    ii            000 0 tib d</controlfield>
  <datafield tag="010" ind1=" " ind2=" ">
    <subfield code="a">   82902930</subfield>
  </datafield>
  <datafield tag="025" ind1=" " ind2=" ">
    <subfield code="a">PL480:I-Tib-2269</subfield>
  </datafield>
  <datafield tag="035" ind1=" " ind2=" ">
    <subfield code="a">(Crl)b13423150</subfield>
  </datafield>
  <datafield tag="035" ind1="0" ind2=" ">
    <subfield code="a">ocm09695899</subfield>
  </datafield>
  <datafield tag="040" ind1=" " ind2=" ">
    <subfield code="a">IUL</subfield>
    <subfield code="c">IUL</subfield>
    <subfield code="d">m/c</subfield>
    <subfield code="d">OCL</subfield>
    <subfield code="d">CRL</subfield>
    <subfield code="d">MH</subfield>
  </datafield>
  <datafield tag="043" ind1=" " ind2=" ">
    <subfield code="a">a-cc-ti</subfield>
  </datafield>
  <datafield tag="245" ind1="0" ind2="0">
    <subfield code="a">Tshe sgrub thabs śes kha sbyor gyi dkyil ʼkhor bcaʼ thabs ʼdon sgrigs, ʼthen graṅs, ḍā dril, rgya gliṅ, rkaṅ gliṅ, duṅ dmar chos gaʼi phyag bźes bcas zin deb :</subfield>
    <subfield code="b">and Padma badzra grub thob rgya mthsoʼi dkyil ʼkhor bśam bkod ʼdon sgrigs, ʼthen graṅs, phyag len, ḍā ʼdril, rgya gliṅ, rkaṅ gliṅ bcas bkod pa /</subfield>
    <subfield code="c">ritual manuals with instrumental notations for the performance of the Sgrub chen liturgy of the two cycles of teachings from the revelations of Yoṅs-dge Gter-ston Mi-ʼgyur-rdo-rje, arranged according to the liturgy of the Khams tradition of the Kaṃ-tshaṅ Bkaʼ-rgyud-pa.</subfield>
  </datafield>
  <datafield tag="260" ind1=" " ind2=" ">
    <subfield code="a">Rumtek, Sikkim :</subfield>
    <subfield code="b">Karmapae Chodhey,</subfield>
    <subfield code="c">1982.</subfield>
  </datafield>
  <datafield tag="300" ind1=" " ind2=" ">
    <subfield code="a">51 p. :</subfield>
    <subfield code="b">music ;</subfield>
    <subfield code="c">15 x 38 cm.</subfield>
  </datafield>
  <datafield tag="500" ind1=" " ind2=" ">
    <subfield code="a">In cursive Tibetan.</subfield>
  </datafield>
  <datafield tag="500" ind1=" " ind2=" ">
    <subfield code="a">&quot;Reproduced from a manuscript used by the Dbu-mdzad of Rumtek Monastery in Sikkim.&quot;</subfield>
  </datafield>
  <datafield tag="600" ind1="0" ind2="0">
    <subfield code="a">Mi-ʼgyur-rdo-rje,</subfield>
    <subfield code="c">Yoṅs-dge Gter-ston,</subfield>
    <subfield code="d">1628-</subfield>
    <subfield code="t">Tshe sgrub thabs śes kha sbyor gyi chos skor.</subfield>
  </datafield>
  <datafield tag="600" ind1="0" ind2="0">
    <subfield code="a">Mi-ʼgyur-rdo-rje,</subfield>
    <subfield code="c">Yoṅs-dge Gter-ston,</subfield>
    <subfield code="d">1628-</subfield>
    <subfield code="t">Padma-badzra grub thob rgya mtshoʼi dkyil ʼkhor.</subfield>
  </datafield>
  <datafield tag="650" ind1=" " ind2="0">
    <subfield code="a">Kar-ma-pa (Sect)</subfield>
    <subfield code="x">Rituals.</subfield>
  </datafield>
  <datafield tag="650" ind1=" " ind2="0">
    <subfield code="a">Music</subfield>
    <subfield code="z">Tibet.</subfield>
  </datafield>
  <datafield tag="650" ind1=" " ind2="0">
    <subfield code="a">Tibetan language</subfield>
    <subfield code="v">Texts.</subfield>
  </datafield>
</record>