

<record xmlns="http://www.loc.gov/MARC21/slim"
xmlns:xsi="http://www.w3.org/2001/XMLSchema-instance"
xsi:schemaLocation="http://www.loc.gov/MARC21/slim
http://www.loc.gov/standards/marcxml/schema/MARC21slim.xsd">
  <leader>     nam a22     4a 4500</leader>
  <controlfield tag="001">011294650-X</controlfield>
  <controlfield tag="005">20090618130026.0</controlfield>
  <controlfield tag="008">071024s2006    cc            000|0 tibod</controlfield>
  <datafield tag="035" ind1="0" ind2=" ">
    <subfield code="a">ocn181628092</subfield>
  </datafield>
  <datafield tag="100" ind1="0" ind2=" ">
    <subfield code="a">Sbyin-pa-dar-rgyas,</subfield>
    <subfield code="c">Mkhas-grub.</subfield>
  </datafield>
  <datafield tag="245" ind1="1" ind2="0">
    <subfield code="a">Phar phyin spyi don /</subfield>
    <subfield code="c">Mkhas-grub-chen-po-Sbyin-pa-dar-rgyas kyi mdzad</subfield>
  </datafield>
  <datafield tag="260" ind1=" " ind2=" ">
    <subfield code="a">[Qinghai Sheng] :</subfield>
    <subfield code="b">Mtsho-sṅon naṅ bstan rig gnas sgyu rtsal źabs źu lte gnas źabs źu khaṅ,</subfield>
    <subfield code="c">2006.</subfield>
  </datafield>
  <datafield tag="300" ind1=" " ind2=" ">
    <subfield code="a">1, viii, 536 p. ;</subfield>
    <subfield code="c">21 cm.</subfield>
  </datafield>
  <datafield tag="490" ind1="1" ind2=" ">
    <subfield code="a">Śes rab ral gri ʼbar baʼi dpe tshogs ;</subfield>
    <subfield code="v">pod phreṅ bdun pa</subfield>
  </datafield>
  <datafield tag="546" ind1=" " ind2=" ">
    <subfield code="a">In Tibetan.</subfield>
  </datafield>
  <datafield tag="650" ind1=" " ind2="0">
    <subfield code="a">Paramitas (Buddhism)</subfield>
  </datafield>
  <datafield tag="650" ind1=" " ind2="0">
    <subfield code="a">Perfection</subfield>
    <subfield code="x">Religious aspects</subfield>
    <subfield code="x">Buddhism.</subfield>
  </datafield>
  <datafield tag="830" ind1=" " ind2="0">
    <subfield code="a">Śes rab ral gri ʼbar baʼi dpe tshogs ;</subfield>
    <subfield code="v">2006: pod phreṅ 7.</subfield>
  </datafield>
</record>