

<record xmlns="http://www.loc.gov/MARC21/slim"
xmlns:xsi="http://www.w3.org/2001/XMLSchema-instance"
xsi:schemaLocation="http://www.loc.gov/MARC21/slim
http://www.loc.gov/standards/marcxml/schema/MARC21slim.xsd">
  <leader>     nam a22     4a 4500</leader>
  <controlfield tag="001">011294839-1</controlfield>
  <controlfield tag="005">20090602112156.0</controlfield>
  <controlfield tag="008">071024s2007    cc            000|0 tibod</controlfield>
  <datafield tag="035" ind1="0" ind2=" ">
    <subfield code="a">ocn339021908</subfield>
  </datafield>
  <datafield tag="035" ind1="0" ind2=" ">
    <subfield code="a">ocn181628097</subfield>
  </datafield>
  <datafield tag="100" ind1="0" ind2=" ">
    <subfield code="a">Si-tu Paṇ-chen Chos-kyi-ʼbyuṅ-gnas,</subfield>
    <subfield code="d">1699 or 1700-1774.</subfield>
  </datafield>
  <datafield tag="245" ind1="1" ind2="0">
    <subfield code="a">Dge ʼdun ñi śuʼi rnam bźag daṅ ;</subfield>
    <subfield code="b">Rten drel gyi rnam bźag : Bsam gzugs kyi rnam bźag mkhas paʼi mgul rgyan źes bya ba mkhas paʼi dbaṅ po Chos-kyi-ʼbyuṅ-gnas kyi gsuṅ rgyun mthoṅ bas don ldan bźugs-so /</subfield>
    <subfield code="c">Kun-mkhyen-chos-kyi-ʾbyuṅ-gnas kyi gsuṅ.</subfield>
  </datafield>
  <datafield tag="246" ind1="1" ind2="3">
    <subfield code="a">Rten drel gyi rnam bźag</subfield>
  </datafield>
  <datafield tag="246" ind1="1" ind2="3">
    <subfield code="a">Bsam gzugs kyi rnam bźag</subfield>
  </datafield>
  <datafield tag="260" ind1=" " ind2=" ">
    <subfield code="a">[Qinghai Sheng] :</subfield>
    <subfield code="b">Mtsho-sngon naṅ bstan rig gnas sgyu rtsal źabs źu lte gnas źabs źu khaṅ,</subfield>
    <subfield code="c">2007.</subfield>
  </datafield>
  <datafield tag="300" ind1=" " ind2=" ">
    <subfield code="a">2, 4, 222 p. ;</subfield>
    <subfield code="c">21 cm.</subfield>
  </datafield>
  <datafield tag="440" ind1=" " ind2="0">
    <subfield code="a">Śes rab ral gri ʼbar baʼi dpe tshogs ;</subfield>
    <subfield code="v">2007: pod phreṅ 5</subfield>
  </datafield>
  <datafield tag="650" ind1=" " ind2="0">
    <subfield code="a">Meditation</subfield>
    <subfield code="x">Buddhism</subfield>
    <subfield code="v">Early works to 1800.</subfield>
  </datafield>
  <datafield tag="650" ind1=" " ind2="0">
    <subfield code="a">Pratītyasamutpāda</subfield>
    <subfield code="v">Early works to 1800.</subfield>
  </datafield>
</record>