

<record xmlns="http://www.loc.gov/MARC21/slim"
xmlns:xsi="http://www.w3.org/2001/XMLSchema-instance"
xsi:schemaLocation="http://www.loc.gov/MARC21/slim
http://www.loc.gov/standards/marcxml/schema/MARC21slim.xsd">
  <leader>     nam a22     4a 4500</leader>
  <controlfield tag="001">011295781-1</controlfield>
  <controlfield tag="005">20090603104008.0</controlfield>
  <controlfield tag="008">071025s2007    cc            000|0 tibod</controlfield>
  <datafield tag="035" ind1="0" ind2=" ">
    <subfield code="a">ocn339044793</subfield>
  </datafield>
  <datafield tag="035" ind1="0" ind2=" ">
    <subfield code="a">ocn181628112</subfield>
  </datafield>
  <datafield tag="100" ind1="0" ind2=" ">
    <subfield code="a">Si-tu Paṇ-chen Chos-kyi-ʼbyuṅ-gnas,</subfield>
    <subfield code="d">1699 or 1700-1774.</subfield>
  </datafield>
  <datafield tag="245" ind1="1" ind2="0">
    <subfield code="a">Bstan bcos mṅon par rgyan gyi don gsal bar byed paʾi luṅ daṅ rigs paʾi gter mdzod ces bya ba skabs gñis pa nas brgyad paʾi bar gyi mthaʾ dpyod bźugs so /</subfield>
    <subfield code="c">Kun-mkhyen-chos-kyi-ʾbyung-gnas kyi gsuṅ.</subfield>
  </datafield>
  <datafield tag="260" ind1=" " ind2=" ">
    <subfield code="a">[Qinghai Sheng] :</subfield>
    <subfield code="b">Mtsho-sṅon naṅ bstan rig gnas sgyu rtsal źabs źu lte gnas źabs źu khaṅ,</subfield>
    <subfield code="c">2007.</subfield>
  </datafield>
  <datafield tag="300" ind1=" " ind2=" ">
    <subfield code="a">2, 346 p. ;</subfield>
    <subfield code="c">21 cm.</subfield>
  </datafield>
  <datafield tag="440" ind1=" " ind2="0">
    <subfield code="a">Śes rab ral gri ʼbar baʼi dpe tshogs ;</subfield>
    <subfield code="v">2007: pod phreṅ 4</subfield>
  </datafield>
  <datafield tag="520" ind1=" " ind2=" ">
    <subfield code="a">Exegetical notes on Pañcaviṃśatisāhasrikā, chapters 2 through 8.</subfield>
  </datafield>
  <datafield tag="630" ind1="0" ind2="0">
    <subfield code="a">Tripiṭaka.</subfield>
    <subfield code="p">Sūtrapiṭaka.</subfield>
    <subfield code="p">Prajñāpāramitā.</subfield>
    <subfield code="p">Pañcaviṃśatisāhasrikā.</subfield>
    <subfield code="n">Chapter 1-8</subfield>
    <subfield code="v">Commentaries</subfield>
    <subfield code="v">Early works to 1800.</subfield>
  </datafield>
  <datafield tag="630" ind1="0" ind2="0">
    <subfield code="a">Abhisamayālaṅkāra</subfield>
    <subfield code="v">Commentaries</subfield>
    <subfield code="v">Early works to 1800.</subfield>
  </datafield>
</record>