

<record xmlns="http://www.loc.gov/MARC21/slim"
xmlns:xsi="http://www.w3.org/2001/XMLSchema-instance"
xsi:schemaLocation="http://www.loc.gov/MARC21/slim
http://www.loc.gov/standards/marcxml/schema/MARC21slim.xsd">
  <leader>     nam a22     4a 4500</leader>
  <controlfield tag="001">011296882-1</controlfield>
  <controlfield tag="005">20090618131251.0</controlfield>
  <controlfield tag="008">071024s2007    cc            000|0 tibod</controlfield>
  <datafield tag="035" ind1="0" ind2=" ">
    <subfield code="a">ocn181628137</subfield>
  </datafield>
  <datafield tag="245" ind1="0" ind2="0">
    <subfield code="a">Phar phyin gyi dogs sloṅ skor gcig.</subfield>
  </datafield>
  <datafield tag="260" ind1=" " ind2=" ">
    <subfield code="a">[Qinghai Sheng] :</subfield>
    <subfield code="b">Mtsho-sṅon naṅ bstan rig gnas sgyu rtsal źabs źu lte gnas źabs źu khaṅ,</subfield>
    <subfield code="c">[2007]</subfield>
  </datafield>
  <datafield tag="300" ind1=" " ind2=" ">
    <subfield code="a">144 p. ;</subfield>
    <subfield code="c">26 cm.</subfield>
  </datafield>
  <datafield tag="440" ind1=" " ind2="0">
    <subfield code="a">Śes rab ral gri ʼbar baʼi dpe tshogs ;</subfield>
    <subfield code="v">2007: pod-phreṅ 8</subfield>
  </datafield>
  <datafield tag="505" ind1="0" ind2=" ">
    <subfield code="a">(from t.p.) Don bdun cuʼi dogs dpyod / Chos-rje-ṅag-dbaṅ-blo-bzaṅ gis mdzad -- Dpyod ldan dag la dogs sloṅ du rgyas paʼi miṅ can gyis bkod paʼi dri ba yoṅ ʼdzin dam pa mñes par byed paʼi kun bzaṅ mchod sprin źes bya ba bźugs so / Kha-gya-gkon-mchog-dar-rgyas kyis mdzad -- Don bdun cuʼi rnam gźag Mi-pham źal luṅ gi tshig don ʼgaʼ źig zur rgyan gyi tshul du bkod pa bźugs so / Yoṅs-ʼdzin-grags-pa-rgya-mtshos mdzad.</subfield>
  </datafield>
  <datafield tag="520" ind1=" " ind2=" ">
    <subfield code="a">Commentary on systematization of Prajñāparamitā : an explanation of the eight categories and seventy topics that form the central theses of Abhisamayālaṅkāra.</subfield>
  </datafield>
  <datafield tag="630" ind1="0" ind2="0">
    <subfield code="a">Abhisamayālaṅkāra.</subfield>
  </datafield>
  <datafield tag="650" ind1=" " ind2="0">
    <subfield code="a">Paramitas (Buddhism)</subfield>
  </datafield>
  <datafield tag="650" ind1=" " ind2="0">
    <subfield code="a">Perfection</subfield>
    <subfield code="x">Religious aspects</subfield>
    <subfield code="x">Buddhism.</subfield>
  </datafield>
  <datafield tag="700" ind1="0" ind2="2">
    <subfield code="a">Grags-pa-rgya-mtsho.</subfield>
    <subfield code="t">Don bdun cuʼi rnam gźag Mi-pham źal luṅ gi tshig don ʼgaʼ źig zur rgyan gyi tshul du bkod pa bźugs so.</subfield>
  </datafield>
  <datafield tag="700" ind1="0" ind2="2">
    <subfield code="a">Dkon-mchog-dar-rgyas.</subfield>
    <subfield code="t">Dpyod ldan dag la dogs sloṅ du rgyas paʼi miṅ can gyis bkod paʼi dri ba yoṅs ʼdzin dam pa mñes par byed paʼi kun bzaṅ mchod sprin źes bya ba bźugs so.</subfield>
  </datafield>
  <datafield tag="700" ind1="0" ind2="2">
    <subfield code="a">Ṅag-dbaṅ-blo-bzaṅ.</subfield>
    <subfield code="t">Don bdun cuʼi dogs dpyod.</subfield>
  </datafield>
</record>