

<record xmlns="http://www.loc.gov/MARC21/slim"
xmlns:xsi="http://www.w3.org/2001/XMLSchema-instance"
xsi:schemaLocation="http://www.loc.gov/MARC21/slim
http://www.loc.gov/standards/marcxml/schema/MARC21slim.xsd">
  <leader>     nam a22     7a 4500</leader>
  <controlfield tag="001">011296966-6</controlfield>
  <controlfield tag="005">20090603102445.0</controlfield>
  <controlfield tag="008">071025s2006    cc            000|0 tibod</controlfield>
  <datafield tag="035" ind1="0" ind2=" ">
    <subfield code="a">ocn181628141</subfield>
  </datafield>
  <datafield tag="100" ind1="0" ind2=" ">
    <subfield code="a">Byams-pa-bkra-śis,</subfield>
    <subfield code="c">Mkhas-mchog.</subfield>
  </datafield>
  <datafield tag="245" ind1="1" ind2="0">
    <subfield code="a">Bstan bcos mṅon par rtogs paʼi rgyan ʼgrel ba daṅ bcas paʼi brgal lan skal bzaṅ mgul rgyan źes bya ba bźugs so /</subfield>
    <subfield code="c">Mdzad pa po Mkhas-mchog-byams-pa-bkra-śis.</subfield>
  </datafield>
  <datafield tag="260" ind1=" " ind2=" ">
    <subfield code="a">[Qinghai Sheng] :</subfield>
    <subfield code="b">Mtsho-sṅon naṅ bstan rig gnas sgyu rtsal źabs źu lte gnas źabs źu khaṅ,</subfield>
    <subfield code="c">2006.</subfield>
  </datafield>
  <datafield tag="300" ind1=" " ind2=" ">
    <subfield code="a">2 v. ;</subfield>
    <subfield code="c">21 cm.</subfield>
  </datafield>
  <datafield tag="490" ind1="1" ind2=" ">
    <subfield code="a">Śes rab ral gri ʼbar baʼi dpe tshogs ;</subfield>
    <subfield code="v">2006: pod phreṅ 12-13</subfield>
  </datafield>
  <datafield tag="546" ind1=" " ind2=" ">
    <subfield code="a">In Tibetan.</subfield>
  </datafield>
  <datafield tag="500" ind1=" " ind2=" ">
    <subfield code="a">&quot;Brjod bya Mṅon par rtogs pa brgyad [Subject: The eight categories of the Abhisamayālaṅkāra]&quot;</subfield>
  </datafield>
  <datafield tag="630" ind1="0" ind2="0">
    <subfield code="a">Tripiṭaka.</subfield>
    <subfield code="p">Sūtrapiṭaka.</subfield>
    <subfield code="p">Prajñāpāramitā</subfield>
    <subfield code="x">Pañcaviṃśatisāhasrikā, criticism, interpretation etc.</subfield>
  </datafield>
  <datafield tag="630" ind1="0" ind2="0">
    <subfield code="a">Abhisamayālaṅkāra.</subfield>
  </datafield>
  <datafield tag="830" ind1=" " ind2="0">
    <subfield code="a">Śes rab ral gri ʼbar baʼi dpe tshogs ;</subfield>
    <subfield code="v">2006: pod phreṅ 12-13.</subfield>
  </datafield>
</record>