

<record xmlns="http://www.loc.gov/MARC21/slim"
xmlns:xsi="http://www.w3.org/2001/XMLSchema-instance"
xsi:schemaLocation="http://www.loc.gov/MARC21/slim
http://www.loc.gov/standards/marcxml/schema/MARC21slim.xsd">
  <leader>     nam a22002777a 4500</leader>
  <controlfield tag="001">011297550-X</controlfield>
  <controlfield tag="005">20090729162620.0</controlfield>
  <controlfield tag="008">061218s2006    cc            000 0 tibo</controlfield>
  <datafield tag="035" ind1="0" ind2=" ">
    <subfield code="a">ocn181628154</subfield>
  </datafield>
  <datafield tag="100" ind1="0" ind2=" ">
    <subfield code="a">Blo-bzaṅ-bstan-paʼi-ñi-ma.</subfield>
  </datafield>
  <datafield tag="245" ind1="1" ind2="0">
    <subfield code="a">Dbu maʼi mthaʼ dpyod las brtsams paʼi bla maʼi gsuṅ rgyun bdud rtsi sñiṅ gi gsos sman źes bya ba bźugs so :</subfield>
    <subfield code="b">byams-me-dpon-blaʼi-dbu-ma /</subfield>
    <subfield code="c">Blo-bzaṅ-bstan-pa&apos;i-ñi-mas brtsams.</subfield>
  </datafield>
  <datafield tag="260" ind1=" " ind2=" ">
    <subfield code="a">[Qinghai Sheng] :</subfield>
    <subfield code="b">Mtsho-sṅon Naṅ bstan rig gnas sgyu rtsal źabs źu lte gnas źabs źu khaṅ,</subfield>
    <subfield code="c">2006.</subfield>
  </datafield>
  <datafield tag="300" ind1=" " ind2=" ">
    <subfield code="a">150 p. ;</subfield>
    <subfield code="c">21 cm.</subfield>
  </datafield>
  <datafield tag="440" ind1=" " ind2="0">
    <subfield code="a">Śes rab ral gri ʼbar baʼi dpe tshogs ;</subfield>
    <subfield code="v">2006: pod phreṅ 2</subfield>
  </datafield>
  <datafield tag="546" ind1=" " ind2=" ">
    <subfield code="a">In Tibetan.</subfield>
  </datafield>
  <datafield tag="650" ind1=" " ind2="0">
    <subfield code="a">Mādhyamika (Buddhism)</subfield>
  </datafield>
</record>