

<record xmlns="http://www.loc.gov/MARC21/slim"
xmlns:xsi="http://www.w3.org/2001/XMLSchema-instance"
xsi:schemaLocation="http://www.loc.gov/MARC21/slim
http://www.loc.gov/standards/marcxml/schema/MARC21slim.xsd">
  <leader>     nam a22002777a 4500</leader>
  <controlfield tag="001">011298015-5</controlfield>
  <controlfield tag="005">20090708192807.0</controlfield>
  <controlfield tag="008">061218s200u    cc            000 0 tibo</controlfield>
  <datafield tag="035" ind1="0" ind2=" ">
    <subfield code="a">ocn339044796</subfield>
  </datafield>
  <datafield tag="035" ind1="0" ind2=" ">
    <subfield code="a">ocn181628163</subfield>
  </datafield>
  <datafield tag="100" ind1="0" ind2=" ">
    <subfield code="a">Guṅ-thaṅ Dkon-mchog-bstan-paʼi-sgron-me,</subfield>
    <subfield code="d">1762-1823.</subfield>
  </datafield>
  <datafield tag="245" ind1="1" ind2="0">
    <subfield code="a">Bstan bcos legs par bśad paʼi sñiṅ bo las sems tsam skor kyi mchan ʼgrel rtsom ʼphro rnam rig gźuṅ brgyaʼi snaṅ ba źes bya ba bźug so /</subfield>
    <subfield code="c">mdzad pa po Guṅ-thaṅ-bstan-paʼi-sgron-me.</subfield>
  </datafield>
  <datafield tag="260" ind1=" " ind2=" ">
    <subfield code="a">[Qinghai Sheng]:</subfield>
    <subfield code="b">Mtsho-sṅon naṅ bstan rig gnas sgyu rtsal źabs źu lte gnas źabs źu khaṅ,</subfield>
    <subfield code="c">[200-]</subfield>
  </datafield>
  <datafield tag="300" ind1=" " ind2=" ">
    <subfield code="a">i, 198 p. ;</subfield>
    <subfield code="c">21 cm.</subfield>
  </datafield>
  <datafield tag="520" ind1=" " ind2=" ">
    <subfield code="a">Commentaries one the Yogācāra interpretation of Buddhism.</subfield>
  </datafield>
  <datafield tag="650" ind1=" " ind2="0">
    <subfield code="a">Mahayana Buddhism.</subfield>
  </datafield>
  <datafield tag="650" ind1=" " ind2="0">
    <subfield code="a">Yogācāra (Buddhism)</subfield>
  </datafield>
</record>