

<record xmlns="http://www.loc.gov/MARC21/slim"
xmlns:xsi="http://www.w3.org/2001/XMLSchema-instance"
xsi:schemaLocation="http://www.loc.gov/MARC21/slim
http://www.loc.gov/standards/marcxml/schema/MARC21slim.xsd">
  <leader>     nam a22002777a 4500</leader>
  <controlfield tag="001">011300025-1</controlfield>
  <controlfield tag="005">20090511115322.0</controlfield>
  <controlfield tag="008">061218s200u    cc            000 0 tibo</controlfield>
  <datafield tag="035" ind1="0" ind2=" ">
    <subfield code="a">ocn339091894</subfield>
  </datafield>
  <datafield tag="043" ind1=" " ind2=" ">
    <subfield code="a">a-cc---</subfield>
  </datafield>
  <datafield tag="100" ind1="0" ind2=" ">
    <subfield code="a">Ṅag-dbaṅ-bkra-śis.</subfield>
  </datafield>
  <datafield tag="245" ind1="1" ind2="0">
    <subfield code="a">Źugs pa daṅ gnas paʼi dge ʼdun gyi rnam gźag gi mthaʼ dpyod skal bzaṅ ʼjug ṅogs bźug so /</subfield>
    <subfield code="c">mdzad pa po Sras-ṅag-dbaṅ-bkra-śis.</subfield>
  </datafield>
  <datafield tag="260" ind1=" " ind2=" ">
    <subfield code="a">[Qinghai Sheng]:</subfield>
    <subfield code="b">Mtsho-sṅon naṅ bstan rig gnas sgyu rtsal źabs źu lte gnas źabs źu khaṅ,</subfield>
    <subfield code="c">[200-]</subfield>
  </datafield>
  <datafield tag="300" ind1=" " ind2=" ">
    <subfield code="a">ii, 189 p. ;</subfield>
    <subfield code="c">21 cm.</subfield>
  </datafield>
  <datafield tag="650" ind1=" " ind2="0">
    <subfield code="a">Buddhism</subfield>
    <subfield code="z">China</subfield>
    <subfield code="z">Tibet Autonomous Region.</subfield>
  </datafield>
  <datafield tag="650" ind1=" " ind2="0">
    <subfield code="a">Monastic and religious life (Buddhism)</subfield>
  </datafield>
</record>