

<record xmlns="http://www.loc.gov/MARC21/slim"
xmlns:xsi="http://www.w3.org/2001/XMLSchema-instance"
xsi:schemaLocation="http://www.loc.gov/MARC21/slim
http://www.loc.gov/standards/marcxml/schema/MARC21slim.xsd">
  <leader>     cas a2200337 a 4500</leader>
  <controlfield tag="001">011300897-X</controlfield>
  <controlfield tag="005">20071101132730.0</controlfield>
  <controlfield tag="008">071001d19821986cc uu         0    0tiboc</controlfield>
  <datafield tag="010" ind1=" " ind2=" ">
    <subfield code="a">  2007255702</subfield>
  </datafield>
  <datafield tag="035" ind1="0" ind2=" ">
    <subfield code="a">ocn173521932</subfield>
  </datafield>
  <datafield tag="040" ind1=" " ind2=" ">
    <subfield code="a">ZCU</subfield>
    <subfield code="c">ZCU</subfield>
    <subfield code="d">ZCU</subfield>
  </datafield>
  <datafield tag="042" ind1=" " ind2=" ">
    <subfield code="a">lcd</subfield>
  </datafield>
  <datafield tag="043" ind1=" " ind2=" ">
    <subfield code="a">a-cc-ti</subfield>
  </datafield>
  <datafield tag="050" ind1="1" ind2="4">
    <subfield code="a">DS785.A1</subfield>
    <subfield code="b">B644</subfield>
  </datafield>
  <datafield tag="245" ind1="0" ind2="0">
    <subfield code="a">Bod kyi rig gnas lo rgyus dpyad gźi&apos;i rgyu cha bdams bsgrigs /</subfield>
    <subfield code="c">Bod-raṅ-skyoṅ-ljoṅs chab gros rig gnas lo rgyus dpyad gźi&apos;i rgyu cha źib ʼjug u yon lhan khaṅ.</subfield>
  </datafield>
  <datafield tag="246" ind1="1" ind2=" ">
    <subfield code="6">880-01</subfield>
    <subfield code="i">Chinese title on p. 4 of cover:</subfield>
    <subfield code="a">Xizang wen shi zi liao xuan ji</subfield>
  </datafield>
  <datafield tag="260" ind1=" " ind2=" ">
    <subfield code="a">Lha-sa :</subfield>
    <subfield code="b">Bod-ljoṅs mi dmaṅs dpe skrun khaṅ,</subfield>
    <subfield code="c">1982-1986.</subfield>
  </datafield>
  <datafield tag="300" ind1=" " ind2=" ">
    <subfield code="a">9 v. :</subfield>
    <subfield code="b">ill. ;</subfield>
    <subfield code="c">21 cm.</subfield>
  </datafield>
  <datafield tag="362" ind1="0" ind2=" ">
    <subfield code="a">1982lo&apos;i-zla-10par &apos;don-theṅs- daṅ-po</subfield>
  </datafield>
  <datafield tag="546" ind1=" " ind2=" ">
    <subfield code="a">In Tibetan.</subfield>
  </datafield>
  <datafield tag="500" ind1=" " ind2=" ">
    <subfield code="a">Description based on first issue; title from title page.</subfield>
  </datafield>
  <datafield tag="520" ind1=" " ind2=" ">
    <subfield code="a">Collection of contributed articles and memoirs relating to Tibetan history.</subfield>
  </datafield>
  <datafield tag="651" ind1=" " ind2="0">
    <subfield code="a">Tibet Autonomous Region (China)</subfield>
    <subfield code="x">History</subfield>
    <subfield code="v">Periodicals.</subfield>
  </datafield>
  <datafield tag="651" ind1=" " ind2="0">
    <subfield code="a">Tibet Autonomous Region (China)</subfield>
    <subfield code="x">Politics and government</subfield>
    <subfield code="v">Periodicals.</subfield>
  </datafield>
  <datafield tag="710" ind1="2" ind2=" ">
    <subfield code="a">Bod Raṅ-skyoṅ-ljoṅs Chab-gros Lo-rgyus Rig-gnas Dpyad-gźiʼi-rgyu-cha U-yon-lhan-khaṅ.</subfield>
  </datafield>
  <datafield tag="785" ind1="0" ind2="0">
    <subfield code="t">Bod kyi lo rgyus rig gnas dpyad gźiʼi rgyu cha bdams bsgrigs</subfield>
    <subfield code="w">(DLC)   96915530 (OCoLC)36003323</subfield>
    <subfield code="w">(OCoLC)36003323</subfield>
  </datafield>
  <datafield tag="880" ind1="1" ind2=" ">
    <subfield code="6">246-01</subfield>
    <subfield code="i">Chinese title on p. 4 of cover, 1983- :</subfield>
    <subfield code="a">西藏文史资料选辑</subfield>
  </datafield>
</record>