

<record xmlns="http://www.loc.gov/MARC21/slim"
xmlns:xsi="http://www.w3.org/2001/XMLSchema-instance"
xsi:schemaLocation="http://www.loc.gov/MARC21/slim
http://www.loc.gov/standards/marcxml/schema/MARC21slim.xsd">
  <leader>     nam a22     4a 4500</leader>
  <controlfield tag="001">011303463-6</controlfield>
  <controlfield tag="005">20090511121653.0</controlfield>
  <controlfield tag="008">071105s1995    cc a          000|0 tibod</controlfield>
  <datafield tag="020" ind1=" " ind2=" ">
    <subfield code="a">7105024828</subfield>
  </datafield>
  <datafield tag="035" ind1="0" ind2=" ">
    <subfield code="a">ocn425958017</subfield>
  </datafield>
  <datafield tag="035" ind1="0" ind2=" ">
    <subfield code="a">ocm79466079</subfield>
  </datafield>
  <datafield tag="043" ind1=" " ind2=" ">
    <subfield code="a">a-cc---</subfield>
  </datafield>
  <datafield tag="245" ind1="0" ind2="0">
    <subfield code="a">Bod kyi ʼpho ʼgyur rlabs po che :</subfield>
    <subfield code="b">bod-raṅ-skyoṅ-ljoṅs dbu brñes nas lo sum chu ʼkhor bar dran gso byed paʼi ched rtsom phyogs bsgrigs /</subfield>
    <subfield code="c">Bod-raṅ-skyoṅ-loṅs srid gros lo rgyus rig gnas dpyad gźʼi rgyu źib ʼjug u yon lhan khaṅ gis rtsom sgrig byas pa.</subfield>
  </datafield>
  <datafield tag="260" ind1=" " ind2=" ">
    <subfield code="a">Pe-cin :</subfield>
    <subfield code="b">Mi rigs dpe skrun khaṅ,</subfield>
    <subfield code="c">1995.</subfield>
  </datafield>
  <datafield tag="300" ind1=" " ind2=" ">
    <subfield code="a">10, 699 p. :</subfield>
    <subfield code="b">col. ill. ;</subfield>
    <subfield code="c">21 cm.</subfield>
  </datafield>
  <datafield tag="546" ind1=" " ind2=" ">
    <subfield code="a">In Tibetan.</subfield>
  </datafield>
  <datafield tag="520" ind1=" " ind2=" ">
    <subfield code="a">Collection of essays relating to Tibetan history.</subfield>
  </datafield>
  <datafield tag="651" ind1=" " ind2="0">
    <subfield code="a">Tibet Autonomous Region (China)</subfield>
    <subfield code="x">History.</subfield>
  </datafield>
  <datafield tag="710" ind1="2" ind2=" ">
    <subfield code="a">Bod Raṅ-skyoṅ-ljoṅs Chab-gros Lo-rgyus Rig-gnas Dpyad-gźiʼi-rgyu-cha U-yon-lhan-khaṅ.</subfield>
  </datafield>
</record>