

<record xmlns="http://www.loc.gov/MARC21/slim"
xmlns:xsi="http://www.w3.org/2001/XMLSchema-instance"
xsi:schemaLocation="http://www.loc.gov/MARC21/slim
http://www.loc.gov/standards/marcxml/schema/MARC21slim.xsd">
  <leader>     cam a2200373 a 4500</leader>
  <controlfield tag="001">011310394-8</controlfield>
  <controlfield tag="005">20090521160127.0</controlfield>
  <controlfield tag="008">080211s2007    cc            000 0 tibo</controlfield>
  <datafield tag="035" ind1="0" ind2=" ">
    <subfield code="a">ocn298513145</subfield>
  </datafield>
  <datafield tag="043" ind1=" " ind2=" ">
    <subfield code="a">a-cc-ti</subfield>
  </datafield>
  <datafield tag="050" ind1="0" ind2="0">
    <subfield code="a">DS785</subfield>
    <subfield code="b">.R67 2007</subfield>
  </datafield>
  <datafield tag="100" ind1="0" ind2=" ">
    <subfield code="a">Dpal-ʼbyor-bzaṅ-po,</subfield>
    <subfield code="c">Gýas-ru Stag-tshaṅ-pa.</subfield>
  </datafield>
  <datafield tag="245" ind1="1" ind2="0">
    <subfield code="a">Rgyal rabs maṅ poʼi legs bśad rnam graṅs yid ʼdzin nor buʼi phreṅ ba bźugs /</subfield>
    <subfield code="c">Stag-tshaṅ Dpal-ʼbyor-bzaṅ-pos brtsams ; Dpal brtsegs Bod yig dpe rñiṅ źib ʼjug khaṅ nas bsgrigs.</subfield>
  </datafield>
  <datafield tag="250" ind1=" " ind2=" ">
    <subfield code="a">Par theṅs 1.</subfield>
  </datafield>
  <datafield tag="260" ind1=" " ind2=" ">
    <subfield code="a">Pe-cin :</subfield>
    <subfield code="b">Kruṅ-goʼi Bod rig pa dpe skrun khaṅ,</subfield>
    <subfield code="c">2007.</subfield>
  </datafield>
  <datafield tag="300" ind1=" " ind2=" ">
    <subfield code="a">2, 10, 3, 303 p. ;</subfield>
    <subfield code="c">25 cm.</subfield>
  </datafield>
  <datafield tag="490" ind1="1" ind2=" ">
    <subfield code="a">Mes poʼi śul bźag ;</subfield>
    <subfield code="v">28</subfield>
  </datafield>
  <datafield tag="546" ind1=" " ind2=" ">
    <subfield code="a">In Tibetan.</subfield>
  </datafield>
  <datafield tag="500" ind1=" " ind2=" ">
    <subfield code="a">Colophon has Chinese parallel title.</subfield>
  </datafield>
  <datafield tag="520" ind1=" " ind2=" ">
    <subfield code="a">Historical work on the aristocratic pedigrees in Tibet and the rest of the Buddhist world; this work is better known as Rgya Bod yig tshang and is attributed to Yeru Tagtsanga Peljor Zango.</subfield>
  </datafield>
  <datafield tag="651" ind1=" " ind2="0">
    <subfield code="a">Tibet Autonomous Region (China)</subfield>
    <subfield code="x">History.</subfield>
  </datafield>
  <datafield tag="650" ind1=" " ind2="0">
    <subfield code="a">Buddhism</subfield>
    <subfield code="z">China</subfield>
    <subfield code="z">Tibet Autonomous Region</subfield>
    <subfield code="x">History.</subfield>
  </datafield>
  <datafield tag="710" ind1="2" ind2=" ">
    <subfield code="a">Dpal-brtsegs Bod-yig Dpe-rñiṅ Źib-ʼjug-khaṅ.</subfield>
  </datafield>
  <datafield tag="830" ind1=" " ind2="0">
    <subfield code="a">Mes poʼi śul bźag ;</subfield>
    <subfield code="v">28.</subfield>
  </datafield>
</record>