

<record xmlns="http://www.loc.gov/MARC21/slim"
xmlns:xsi="http://www.w3.org/2001/XMLSchema-instance"
xsi:schemaLocation="http://www.loc.gov/MARC21/slim
http://www.loc.gov/standards/marcxml/schema/MARC21slim.xsd">
  <leader>     nam a22     4a 4500</leader>
  <controlfield tag="001">011358634-5</controlfield>
  <controlfield tag="005">20090908180631.0</controlfield>
  <controlfield tag="008">071024s2007    cc            000|0 tibod</controlfield>
  <datafield tag="035" ind1="0" ind2=" ">
    <subfield code="a">ocn190870509</subfield>
  </datafield>
  <datafield tag="100" ind1="0" ind2=" ">
    <subfield code="a">Bstan-paʼi-sgron-me,</subfield>
    <subfield code="c">Chos-mdzod.</subfield>
  </datafield>
  <datafield tag="245" ind1="1" ind2="0">
    <subfield code="a">Kun mkhyen ʼJam-dbyaṅs-bźad-paʼi phar phyin gyi yig chaʼi mchan ʼgrel gser gyi lde mig ces bya ba bźugs so /</subfield>
    <subfield code="c">mdzad pa po Hal-ha chos mdzad bla ma Bstan-paʼi-sgron-me.</subfield>
  </datafield>
  <datafield tag="246" ind1="3" ind2="0">
    <subfield code="a">Gser gyi lde mig</subfield>
  </datafield>
  <datafield tag="260" ind1=" " ind2=" ">
    <subfield code="a">[Qinghai Sheng] :</subfield>
    <subfield code="b">Mtsho-sṅon naṅ bstan rig gnas sgyu rtsal źabs źu lte gnas źabs źu khaṅ,</subfield>
    <subfield code="c">2007.</subfield>
  </datafield>
  <datafield tag="300" ind1=" " ind2=" ">
    <subfield code="a">v, 363 p. ;</subfield>
    <subfield code="c">26 cm.</subfield>
  </datafield>
  <datafield tag="440" ind1=" " ind2="0">
    <subfield code="a">Śes rab ral gri ʼbar baʼi dpe tshogs ;</subfield>
    <subfield code="v">2007: pod-phreṅ 11</subfield>
  </datafield>
  <datafield tag="546" ind1=" " ind2=" ">
    <subfield code="a">In Tibetan.</subfield>
  </datafield>
  <datafield tag="520" ind1=" " ind2=" ">
    <subfield code="a">An annotated commentary on ʼJam-dyaṅs-bźad-pa&apos;s systematic presentation of the Prajñāpāramitā doctrine.</subfield>
  </datafield>
  <datafield tag="630" ind1="0" ind2="0">
    <subfield code="a">Tripiṭaka.</subfield>
    <subfield code="p">Sūtrapiṭaka.</subfield>
    <subfield code="p">Prajñāpāramitā</subfield>
    <subfield code="p">Abhisamayālaṅkāra</subfield>
    <subfield code="x">Study and teaching.</subfield>
  </datafield>
  <datafield tag="600" ind1="0" ind2="0">
    <subfield code="a">ʼJam-dbyaṅs-bźad-pa Ṅag-dbaṅ-brtson-ʼgrus,</subfield>
    <subfield code="d">1648-1721.</subfield>
    <subfield code="t">Don bdun cuʼi mthaʼ dpyod Mi-pham bla maʼi źal luṅ.</subfield>
  </datafield>
  <datafield tag="600" ind1="0" ind2="0">
    <subfield code="a">ʼJam-dbyaṅs-bźad-pa Ṅag-dbaṅ-brtson-ʼgrus,</subfield>
    <subfield code="d">1648-1721.</subfield>
    <subfield code="t">Śes rab kyi pha rol tu phyin paʼi don kun gsal baʼi rin chen sgron me.</subfield>
  </datafield>
  <datafield tag="600" ind1="0" ind2="0">
    <subfield code="a">ʼJam-dbyaṅs-bźad-pa Ṅag-dbaṅ-brtson-ʼgrus,</subfield>
    <subfield code="d">1648-1721.</subfield>
    <subfield code="t">Bsam ʼphel yid bźin nor buʼi phreṅ mdzes skal bzaṅ mig ʼbyed.</subfield>
  </datafield>
  <datafield tag="650" ind1=" " ind2="0">
    <subfield code="a">Wisdom</subfield>
    <subfield code="x">Religious aspects</subfield>
    <subfield code="x">Buddhism.</subfield>
  </datafield>
  <datafield tag="650" ind1=" " ind2="0">
    <subfield code="a">Perfection</subfield>
    <subfield code="x">Religious aspects</subfield>
    <subfield code="x">Buddhism.</subfield>
  </datafield>
  <datafield tag="650" ind1=" " ind2="0">
    <subfield code="a">Paramitas (Buddhism)</subfield>
  </datafield>
  <datafield tag="650" ind1=" " ind2="0">
    <subfield code="a">Meditation</subfield>
    <subfield code="x">Buddhism.</subfield>
  </datafield>
  <datafield tag="650" ind1=" " ind2="0">
    <subfield code="a">Buddhism</subfield>
    <subfield code="x">Doctrines.</subfield>
  </datafield>
</record>