

<record xmlns="http://www.loc.gov/MARC21/slim"
xmlns:xsi="http://www.w3.org/2001/XMLSchema-instance"
xsi:schemaLocation="http://www.loc.gov/MARC21/slim
http://www.loc.gov/standards/marcxml/schema/MARC21slim.xsd">
  <leader>     cgm a2200565Ia 4500</leader>
  <controlfield tag="001">011358659-0</controlfield>
  <controlfield tag="005">20101008190444.0</controlfield>
  <controlfield tag="008">020906s2002    gw 109            vltib d</controlfield>
  <datafield tag="024" ind1="1" ind2=" ">
    <subfield code="a">795975101738</subfield>
  </datafield>
  <datafield tag="028" ind1="4" ind2="0">
    <subfield code="a">Z1017</subfield>
    <subfield code="b">Zeitgeist Video</subfield>
  </datafield>
  <datafield tag="035" ind1="0" ind2=" ">
    <subfield code="a">ocm50557631</subfield>
  </datafield>
  <datafield tag="040" ind1=" " ind2=" ">
    <subfield code="a">NTG</subfield>
    <subfield code="c">NTG</subfield>
    <subfield code="d">TEF</subfield>
    <subfield code="d">WIS</subfield>
    <subfield code="d">OCLCQ</subfield>
    <subfield code="d">RCS</subfield>
    <subfield code="d">BTCTA</subfield>
    <subfield code="d">RCS</subfield>
    <subfield code="d">UV0</subfield>
    <subfield code="d">OCLCQ</subfield>
  </datafield>
  <datafield tag="041" ind1="1" ind2=" ">
    <subfield code="a">tib</subfield>
    <subfield code="j">eng</subfield>
    <subfield code="g">ger</subfield>
  </datafield>
  <datafield tag="043" ind1=" " ind2=" ">
    <subfield code="a">a-cc-ti</subfield>
  </datafield>
  <datafield tag="050" ind1="1" ind2="4">
    <subfield code="a">DS786</subfield>
    <subfield code="b">.S25 2002</subfield>
  </datafield>
  <datafield tag="082" ind1="0" ind2="4">
    <subfield code="a">951.5</subfield>
    <subfield code="2">22</subfield>
  </datafield>
  <datafield tag="082" ind1="0" ind2="4">
    <subfield code="a">791.43/72</subfield>
  </datafield>
  <datafield tag="245" ind1="0" ind2="4">
    <subfield code="a">Die Salzmänner von Tibet</subfield>
    <subfield code="h">[videorecording] /</subfield>
    <subfield code="c">Unterstutzt durch und das Bundesamt fur Kultur des Eidgenossischen Departementes des Inneren ; CATPICS coproductions Zurich, D.U.R.A.N. Film Berlin ; produktion, Alfi Sinniger, Christophe Bicker, Knut Winkler ; ein film von Ulrike Koch.</subfield>
  </datafield>
  <datafield tag="246" ind1="1" ind2=" ">
    <subfield code="i">Title on disc menu, disc label and container:</subfield>
    <subfield code="a">Saltmen of Tibet</subfield>
  </datafield>
  <datafield tag="246" ind1="3" ind2="0">
    <subfield code="a">Salt men of Tibet</subfield>
  </datafield>
  <datafield tag="250" ind1=" " ind2=" ">
    <subfield code="a">Widescreen.</subfield>
  </datafield>
  <datafield tag="260" ind1=" " ind2=" ">
    <subfield code="a">[New York, N.Y.] :</subfield>
    <subfield code="b">Zeitgeist Video,</subfield>
    <subfield code="c">[2002]</subfield>
  </datafield>
  <datafield tag="300" ind1=" " ind2=" ">
    <subfield code="a">1 videodisc (109 min.) :</subfield>
    <subfield code="b">sd., col. ;</subfield>
    <subfield code="c">4 3/4 in.</subfield>
  </datafield>
  <datafield tag="538" ind1=" " ind2=" ">
    <subfield code="a">DVD; Region 1.</subfield>
  </datafield>
  <datafield tag="546" ind1=" " ind2=" ">
    <subfield code="a">In Tibetan with optional English subtitles ; credits in German.</subfield>
  </datafield>
  <datafield tag="508" ind1=" " ind2=" ">
    <subfield code="a">Cinematography, Pio Corradi ; editor, Magdolna Rokob ; music, Stefan Wulff, Frank Wulff.</subfield>
  </datafield>
  <datafield tag="521" ind1="8" ind2=" ">
    <subfield code="a">MPAA rating: Not rated.</subfield>
  </datafield>
  <datafield tag="520" ind1=" " ind2=" ">
    <subfield code="a">Documents the ancient traditions and day-to-day rituals of a Tibetan nomadic community on a three-month pilgrimage. Observing age-old taboos and steadfast homage to the deities of nature, four men meticulously plan their yak caravan to fetch precious salt from the holy lakes of the Changtang region of northern Tibet.</subfield>
  </datafield>
  <datafield tag="500" ind1=" " ind2=" ">
    <subfield code="a">Original motion picture release, 1997.</subfield>
  </datafield>
  <datafield tag="651" ind1=" " ind2="0">
    <subfield code="a">Chang Tang Plateau (China and India)</subfield>
  </datafield>
  <datafield tag="651" ind1=" " ind2="0">
    <subfield code="a">Tibet Autonomous Region (China)</subfield>
    <subfield code="x">Social life and customs.</subfield>
  </datafield>
  <datafield tag="651" ind1=" " ind2="0">
    <subfield code="a">Tibet Autonomous Region (China)</subfield>
    <subfield code="x">Religious life and customs.</subfield>
  </datafield>
  <datafield tag="653" ind1=" " ind2=" ">
    <subfield code="a">Bod</subfield>
  </datafield>
  <datafield tag="655" ind1=" " ind2="0">
    <subfield code="a">Documentary films.</subfield>
  </datafield>
  <datafield tag="655" ind1=" " ind2="0">
    <subfield code="a">DVD-Video discs.</subfield>
  </datafield>
  <datafield tag="700" ind1="1" ind2=" ">
    <subfield code="a">Koch, Ulrike.</subfield>
  </datafield>
  <datafield tag="700" ind1="1" ind2=" ">
    <subfield code="a">Wulff, Stefan.</subfield>
  </datafield>
  <datafield tag="700" ind1="1" ind2=" ">
    <subfield code="a">Wulff, Frank.</subfield>
  </datafield>
  <datafield tag="710" ind1="2" ind2=" ">
    <subfield code="a">Bundesamt fur Kultur des Eidgenossischen Departementes des Inneren.</subfield>
  </datafield>
  <datafield tag="710" ind1="2" ind2=" ">
    <subfield code="a">CATPICS (Zurich)</subfield>
  </datafield>
  <datafield tag="710" ind1="2" ind2=" ">
    <subfield code="a">D.U.R.A.N. Film (Berlin)</subfield>
  </datafield>
  <datafield tag="710" ind1="2" ind2=" ">
    <subfield code="a">Zeitgeist Films.</subfield>
  </datafield>
  <datafield tag="049" ind1=" " ind2=" ">
    <subfield code="a">HLSS</subfield>
  </datafield>
</record>