

<record xmlns="http://www.loc.gov/MARC21/slim"
xmlns:xsi="http://www.w3.org/2001/XMLSchema-instance"
xsi:schemaLocation="http://www.loc.gov/MARC21/slim
http://www.loc.gov/standards/marcxml/schema/MARC21slim.xsd">
  <leader>     cam a2200361K  4500</leader>
  <controlfield tag="001">011453098-X</controlfield>
  <controlfield tag="005">20090727101739.0</controlfield>
  <controlfield tag="008">080628s2007    cc a          000 0 tib d</controlfield>
  <datafield tag="020" ind1=" " ind2=" ">
    <subfield code="a">9787540935634</subfield>
  </datafield>
  <datafield tag="020" ind1=" " ind2=" ">
    <subfield code="a">7540935634</subfield>
  </datafield>
  <datafield tag="035" ind1="0" ind2=" ">
    <subfield code="a">ocn244299305</subfield>
  </datafield>
  <datafield tag="040" ind1=" " ind2=" ">
    <subfield code="a">CNPIT</subfield>
    <subfield code="c">CNPIT</subfield>
    <subfield code="d">OCLCQ</subfield>
    <subfield code="d">HMY</subfield>
  </datafield>
  <datafield tag="100" ind1="1" ind2=" ">
    <subfield code="6">880-01</subfield>
    <subfield code="a">Luosangyixi, Jiacuo.</subfield>
  </datafield>
  <datafield tag="245" ind1="1" ind2="0">
    <subfield code="6">880-02</subfield>
    <subfield code="a">Geerdengzhu da si zhi :</subfield>
    <subfield code="b">Zang wen /</subfield>
    <subfield code="c">Luosangyixi Jiacuo zhu.</subfield>
  </datafield>
  <datafield tag="250" ind1=" " ind2=" ">
    <subfield code="6">880-03</subfield>
    <subfield code="a">Di 1 ban.</subfield>
  </datafield>
  <datafield tag="260" ind1=" " ind2=" ">
    <subfield code="6">880-04</subfield>
    <subfield code="a">Chengdu Shi :</subfield>
    <subfield code="b">Sichuan min zu chu ban she,</subfield>
    <subfield code="c">2007.</subfield>
  </datafield>
  <datafield tag="300" ind1=" " ind2=" ">
    <subfield code="a">2 v. :</subfield>
    <subfield code="b">ill. ;</subfield>
    <subfield code="c">21 cm.</subfield>
  </datafield>
  <datafield tag="500" ind1=" " ind2=" ">
    <subfield code="a">Tibetan language.</subfield>
  </datafield>
  <datafield tag="500" ind1=" " ind2=" ">
    <subfield code="a">Description based on publication information and CIP.</subfield>
  </datafield>
  <datafield tag="610" ind1="2" ind2="0">
    <subfield code="6">880-05</subfield>
    <subfield code="a">Geerdengzhu da si</subfield>
    <subfield code="x">History.</subfield>
  </datafield>
  <datafield tag="650" ind1=" " ind2="0">
    <subfield code="a">Buddhist temples</subfield>
    <subfield code="z">China</subfield>
    <subfield code="x">History.</subfield>
  </datafield>
  <datafield tag="880" ind1="1" ind2=" ">
    <subfield code="6">100-01</subfield>
    <subfield code="a">罗桑益西嘉措.</subfield>
  </datafield>
  <datafield tag="880" ind1="1" ind2="0">
    <subfield code="6">245-02</subfield>
    <subfield code="a">格尔登主大寺志 :</subfield>
    <subfield code="b">藏文 /</subfield>
    <subfield code="c">罗桑益西嘉措著.</subfield>
  </datafield>
  <datafield tag="880" ind1=" " ind2=" ">
    <subfield code="6">250-03</subfield>
    <subfield code="a">第1版.</subfield>
  </datafield>
  <datafield tag="880" ind1=" " ind2=" ">
    <subfield code="6">260-04</subfield>
    <subfield code="a">成都市 :</subfield>
    <subfield code="b">四川民族出版社,</subfield>
    <subfield code="c">2007.</subfield>
  </datafield>
  <datafield tag="880" ind1="2" ind2="4">
    <subfield code="6">610-05</subfield>
    <subfield code="a">格尔登主大寺</subfield>
    <subfield code="x">History.</subfield>
  </datafield>
  <datafield tag="049" ind1=" " ind2=" ">
    <subfield code="a">HMYH</subfield>
    <subfield code="o">d</subfield>
  </datafield>
</record>