

<record xmlns="http://www.loc.gov/MARC21/slim"
xmlns:xsi="http://www.w3.org/2001/XMLSchema-instance"
xsi:schemaLocation="http://www.loc.gov/MARC21/slim
http://www.loc.gov/standards/marcxml/schema/MARC21slim.xsd">
  <leader>     nam a22     5a 4500</leader>
  <controlfield tag="001">011453221-4</controlfield>
  <controlfield tag="005">20080430123830.0</controlfield>
  <controlfield tag="008">080430s2008    ii           |||||||tib|d</controlfield>
  <datafield tag="245" ind1="0" ind2="0">
    <subfield code="a">Multi-volume Tibetan work on China.</subfield>
  </datafield>
  <datafield tag="260" ind1=" " ind2=" ">
    <subfield code="a">[Dharamsala?</subfield>
    <subfield code="b">s.n.,</subfield>
    <subfield code="c">2008?]</subfield>
  </datafield>
  <datafield tag="300" ind1=" " ind2=" ">
    <subfield code="a">v.</subfield>
  </datafield>
  <datafield tag="500" ind1=" " ind2=" ">
    <subfield code="a">&quot;Monographic circular no. 2008-36.&quot;</subfield>
  </datafield>
</record>