

<record xmlns="http://www.loc.gov/MARC21/slim"
xmlns:xsi="http://www.w3.org/2001/XMLSchema-instance"
xsi:schemaLocation="http://www.loc.gov/MARC21/slim
http://www.loc.gov/standards/marcxml/schema/MARC21slim.xsd">
  <leader>     cam a2200265Ia 4500</leader>
  <controlfield tag="001">011786339-4</controlfield>
  <controlfield tag="005">20081211130653.0</controlfield>
  <controlfield tag="008">841127m19591961mp            000 0 tibod</controlfield>
  <datafield tag="035" ind1="0" ind2=" ">
    <subfield code="a">ocm11424056</subfield>
  </datafield>
  <datafield tag="040" ind1=" " ind2=" ">
    <subfield code="a">IUL</subfield>
    <subfield code="c">IUL</subfield>
    <subfield code="d">HMY</subfield>
  </datafield>
  <datafield tag="043" ind1=" " ind2=" ">
    <subfield code="a">a-cc-ti</subfield>
  </datafield>
  <datafield tag="050" ind1=" " ind2="4">
    <subfield code="a">PL3748</subfield>
    <subfield code="b">.G42 1959</subfield>
  </datafield>
  <datafield tag="130" ind1="0" ind2=" ">
    <subfield code="a">Gesar.</subfield>
    <subfield code="k">Selections.</subfield>
  </datafield>
  <datafield tag="245" ind1="1" ind2="0">
    <subfield code="a">Tibetan version of Gesar saga.</subfield>
  </datafield>
  <datafield tag="260" ind1=" " ind2=" ">
    <subfield code="a">Ulaanbaatar :</subfield>
    <subfield code="b">Shinzhlėkh Ukhaan, Dėėd Bolovsrolyn Khurėėlėngiĭn Ėrdėm shinzhilgėėniĭ khėvlėl,</subfield>
    <subfield code="c">1959-1961.</subfield>
  </datafield>
  <datafield tag="300" ind1=" " ind2=" ">
    <subfield code="a">3 v. ;</subfield>
    <subfield code="c">29 cm.</subfield>
  </datafield>
  <datafield tag="440" ind1=" " ind2="0">
    <subfield code="a">Corpus scriptorum Mongolorum Instituti Linguae et Litterarum Comiteti Scientiarum et Educationis Altae Reipublicae Populi Mongoli ;</subfield>
    <subfield code="v">tomus 8, fasciculus 3-5</subfield>
  </datafield>
  <datafield tag="505" ind1="0" ind2=" ">
    <subfield code="a">v. 1. Chapters I-III = Gliṅ Seṅ-chen-rgyal-poʼi skyes rabs rnam par thar paʼi leʼu -- v. 2. Chapter IV, Struggle against the Hor = ʼDzam-gliṅ-rgyal-po Ge-sar gyi rnam mthar -- v. 3. Chapter V, Struggle against King Satham = Gliṅ-sku Rje Ge-sar-rgyal-poʼi rtogs pa brjod pa las, ʼJiṅ Sa-tham Rje-btsun brtul baʼi leʼu.</subfield>
  </datafield>
  <datafield tag="650" ind1=" " ind2="0">
    <subfield code="a">Tibetan language</subfield>
    <subfield code="v">Texts.</subfield>
  </datafield>
  <datafield tag="049" ind1=" " ind2=" ">
    <subfield code="a">HMYW</subfield>
    <subfield code="o">d</subfield>
  </datafield>
</record>