

<record xmlns="http://www.loc.gov/MARC21/slim"
xmlns:xsi="http://www.w3.org/2001/XMLSchema-instance"
xsi:schemaLocation="http://www.loc.gov/MARC21/slim
http://www.loc.gov/standards/marcxml/schema/MARC21slim.xsd">
  <leader>     cam a2200325Ia 4500</leader>
  <controlfield tag="001">011786347-5</controlfield>
  <controlfield tag="005">20090417055154.0</controlfield>
  <controlfield tag="008">841120s1962    mp            000 0 tibod</controlfield>
  <datafield tag="035" ind1="0" ind2=" ">
    <subfield code="a">ocm11409091</subfield>
  </datafield>
  <datafield tag="040" ind1=" " ind2=" ">
    <subfield code="a">IUL</subfield>
    <subfield code="c">IUL</subfield>
    <subfield code="d">HMY</subfield>
  </datafield>
  <datafield tag="041" ind1="1" ind2=" ">
    <subfield code="a">tibmon</subfield>
    <subfield code="h">tib</subfield>
  </datafield>
  <datafield tag="043" ind1=" " ind2=" ">
    <subfield code="a">a-mp---</subfield>
    <subfield code="a">a-cc-ti</subfield>
  </datafield>
  <datafield tag="050" ind1=" " ind2="4">
    <subfield code="a">PK3798.V39</subfield>
    <subfield code="b">T5 1962</subfield>
  </datafield>
  <datafield tag="245" ind1="0" ind2="0">
    <subfield code="a">Tibetan and Mongolian tales of Vetala =</subfield>
    <subfield code="b">Tȯbed Mongȯl siditu̇ kegu̇r-u̇n u̇liger.</subfield>
  </datafield>
  <datafield tag="260" ind1=" " ind2=" ">
    <subfield code="a">Ulaanbaatar :</subfield>
    <subfield code="b">Shinzhlėkh Ukhaany Akademiǐn khėvlėl,</subfield>
    <subfield code="c">1962.</subfield>
  </datafield>
  <datafield tag="300" ind1=" " ind2=" ">
    <subfield code="a">230, [3] p. ;</subfield>
    <subfield code="c">30 cm.</subfield>
  </datafield>
  <datafield tag="440" ind1=" " ind2="0">
    <subfield code="a">Corpus scriptorum Mongolorum Instituti Linguae et Litterarum Academiae Scientiarum Reipublicae Populi Mongolici ;</subfield>
    <subfield code="v">tomus 2</subfield>
  </datafield>
  <datafield tag="500" ind1=" " ind2=" ">
    <subfield code="a">Parallel texts in Tibetan and Mongolian; pref. in Mongolian.</subfield>
  </datafield>
  <datafield tag="500" ind1=" " ind2=" ">
    <subfield code="a">&quot;Nigedu̇ger debter.&quot;</subfield>
  </datafield>
  <datafield tag="505" ind1="0" ind2=" ">
    <subfield code="a">Ro dṅos grub can gyi gtam rgyud = Sidi-tu kegu̇r-u̇n u̇liger -- Bu chos naṅ du yod paʼi khuʼi chos them skas bcu gsum ʼam Ro dṅos grub can gyi sgruṅ las leʼu ñer bdun pa źes bya ba : Bȯru̇i̇ bu̇yu̇ &quot;Kȯbegu̇n nom&quot;-un dotur-a Ġartaq qatun-u arban ġurban giškigu̇r-u̇n u̇liger bu̇yu̇ siditu̇ kegu̇r-u̇n u̇liger-u̇n qorin doluduȧr bu̇lu̇g.</subfield>
  </datafield>
  <datafield tag="650" ind1=" " ind2="0">
    <subfield code="a">Tibetan language</subfield>
    <subfield code="v">Texts.</subfield>
  </datafield>
  <datafield tag="730" ind1="0" ind2=" ">
    <subfield code="a">Ro sgruṅ.</subfield>
    <subfield code="k">Selections.</subfield>
  </datafield>
  <datafield tag="730" ind1="0" ind2=" ">
    <subfield code="a">Vetālapañcaviṃśati.</subfield>
    <subfield code="s">Mongolian version (Sidi-tu kegu̇r-u̇n cadig).</subfield>
    <subfield code="k">Selections.</subfield>
  </datafield>
  <datafield tag="049" ind1=" " ind2=" ">
    <subfield code="a">HMYW</subfield>
    <subfield code="o">d</subfield>
  </datafield>
</record>