

<record xmlns="http://www.loc.gov/MARC21/slim"
xmlns:xsi="http://www.w3.org/2001/XMLSchema-instance"
xsi:schemaLocation="http://www.loc.gov/MARC21/slim
http://www.loc.gov/standards/marcxml/schema/MARC21slim.xsd">
  <leader>     cgm a2200565Ia 4500</leader>
  <controlfield tag="001">011787150-8</controlfield>
  <controlfield tag="005">20121018123809.0</controlfield>
  <controlfield tag="008">081029p20072006cau090            vltib d</controlfield>
  <datafield tag="024" ind1="1" ind2=" ">
    <subfield code="a">891640001584</subfield>
  </datafield>
  <datafield tag="035" ind1="0" ind2=" ">
    <subfield code="a">ocn264741273</subfield>
  </datafield>
  <datafield tag="040" ind1=" " ind2=" ">
    <subfield code="a">VVC</subfield>
    <subfield code="b">eng</subfield>
    <subfield code="c">VVC</subfield>
    <subfield code="d">VVC</subfield>
    <subfield code="d">BTCTA</subfield>
    <subfield code="d">SBM</subfield>
    <subfield code="d">IMD</subfield>
    <subfield code="d">TEF</subfield>
    <subfield code="d">PAU</subfield>
    <subfield code="d">OCLCA</subfield>
    <subfield code="d">OCLCQ</subfield>
    <subfield code="d">INU</subfield>
  </datafield>
  <datafield tag="041" ind1="1" ind2=" ">
    <subfield code="a">tib</subfield>
    <subfield code="j">eng</subfield>
    <subfield code="j">spa</subfield>
    <subfield code="j">chi</subfield>
    <subfield code="j">vie</subfield>
  </datafield>
  <datafield tag="043" ind1=" " ind2=" ">
    <subfield code="a">a-cc-ti</subfield>
    <subfield code="a">a-cc---</subfield>
  </datafield>
  <datafield tag="050" ind1="1" ind2="4">
    <subfield code="a">PN1997.2</subfield>
    <subfield code="b">.M557 2007</subfield>
  </datafield>
  <datafield tag="082" ind1="0" ind2="4">
    <subfield code="a">791.43/72</subfield>
    <subfield code="2">22</subfield>
  </datafield>
  <datafield tag="245" ind1="0" ind2="0">
    <subfield code="a">Milarepa</subfield>
    <subfield code="h">[videorecording] /</subfield>
    <subfield code="c">Shining Moon Productions presents a film by Neten Chokling ; directed by Neten Chokling ; written by Neten Chokling &amp; Tenzing Choyang Gyari ; produced by Raymond Steiner ; co-producer, Norbu Wangmo Gyari.</subfield>
  </datafield>
  <datafield tag="246" ind1="1" ind2=" ">
    <subfield code="i">Container title:</subfield>
    <subfield code="a">Milarepa : magician, murderer, saint</subfield>
  </datafield>
  <datafield tag="246" ind1="3" ind2="1">
    <subfield code="a">Magician, murderer, saint</subfield>
  </datafield>
  <datafield tag="260" ind1=" " ind2=" ">
    <subfield code="a">[San Jose, Calif.] :</subfield>
    <subfield code="b">Cinequest,</subfield>
    <subfield code="c">2007.</subfield>
  </datafield>
  <datafield tag="300" ind1=" " ind2=" ">
    <subfield code="a">1 videodisc (90 min.) :</subfield>
    <subfield code="b">sd., col. ;</subfield>
    <subfield code="c">4 3/4 in.</subfield>
  </datafield>
  <datafield tag="546" ind1=" " ind2=" ">
    <subfield code="a">Tibetan Bhutan with English, Spanish, Chinese, or Vietnamese subtitles; credits in English (title itself parallelled in Bhutan).</subfield>
  </datafield>
  <datafield tag="538" ind1=" " ind2=" ">
    <subfield code="a">DVD; aspect ratio 1:1.85; Dolby digital 5.1 surround.</subfield>
  </datafield>
  <datafield tag="511" ind1="1" ind2=" ">
    <subfield code="a">Orgyen Tobgyal, Jamyang Lodro, Kelsang Chukie Tethong, Jamyang Nyima, Jamyang Lodro, LhakpaTsamchoe.</subfield>
  </datafield>
  <datafield tag="500" ind1=" " ind2=" ">
    <subfield code="a">Originally produced in 2006.</subfield>
  </datafield>
  <datafield tag="508" ind1=" " ind2=" ">
    <subfield code="a">Executive producer, Gregory Kruglak ; director of photography, Paul J. Warren ; editor, Suzy Elmiger ; music, Joel Diamond.</subfield>
  </datafield>
  <datafield tag="586" ind1=" " ind2=" ">
    <subfield code="a">Audience Award Winner, 2006 National Geographic All Roads Film Festival.</subfield>
  </datafield>
  <datafield tag="521" ind1="8" ind2=" ">
    <subfield code="a">MPAA rating: PG; for some violence, disturbing images &amp; thematic elements.</subfield>
  </datafield>
  <datafield tag="520" ind1=" " ind2=" ">
    <subfield code="a">Dramatization of the life and teachings of the great yogi of 11th century Tibet.</subfield>
  </datafield>
  <datafield tag="500" ind1=" " ind2=" ">
    <subfield code="a">Special features: Who is Milarepa?: a documentary on the teachings of Milarepa with Dzigar Kongtrul Rinpoche ... et al. -- Theatrical trailer.</subfield>
  </datafield>
  <datafield tag="600" ind1="0" ind2="0">
    <subfield code="a">Mi-la-ras-pa,</subfield>
    <subfield code="d">1040-1123</subfield>
    <subfield code="v">Drama.</subfield>
  </datafield>
  <datafield tag="650" ind1=" " ind2="0">
    <subfield code="a">Spiritual life</subfield>
    <subfield code="x">Buddhism</subfield>
    <subfield code="v">Drama.</subfield>
  </datafield>
  <datafield tag="650" ind1=" " ind2="0">
    <subfield code="a">Yogis</subfield>
    <subfield code="z">China</subfield>
    <subfield code="z">Tibet Autonomous Region</subfield>
    <subfield code="v">Biography</subfield>
    <subfield code="v">Drama.</subfield>
  </datafield>
  <datafield tag="655" ind1=" " ind2="7">
    <subfield code="a">Feature films.</subfield>
    <subfield code="2">lcgft</subfield>
  </datafield>
  <datafield tag="655" ind1=" " ind2="7">
    <subfield code="a">Fiction films.</subfield>
    <subfield code="2">lcgft</subfield>
  </datafield>
  <datafield tag="700" ind1="0" ind2=" ">
    <subfield code="a">Neten Chokling,</subfield>
    <subfield code="d">1973-</subfield>
    <subfield code="4">aus</subfield>
    <subfield code="4">drt</subfield>
  </datafield>
  <datafield tag="700" ind1="1" ind2=" ">
    <subfield code="a">Steiner, Raymond.</subfield>
    <subfield code="4">pro</subfield>
  </datafield>
  <datafield tag="700" ind1="0" ind2=" ">
    <subfield code="a">Tenzing Choyang Gyari.</subfield>
    <subfield code="4">aus</subfield>
  </datafield>
  <datafield tag="700" ind1="0" ind2=" ">
    <subfield code="a">Orgyen Tobgyal.</subfield>
    <subfield code="4">act</subfield>
  </datafield>
  <datafield tag="700" ind1="1" ind2=" ">
    <subfield code="a">Tethong, Kelsang Chukie.</subfield>
    <subfield code="4">act</subfield>
  </datafield>
  <datafield tag="700" ind1="1" ind2=" ">
    <subfield code="a">Lodro, Jamyang.</subfield>
    <subfield code="4">act</subfield>
  </datafield>
  <datafield tag="700" ind1="1" ind2=" ">
    <subfield code="a">Warren, Paul J.</subfield>
  </datafield>
  <datafield tag="700" ind1="1" ind2=" ">
    <subfield code="a">Diamond, Joel.</subfield>
  </datafield>
  <datafield tag="710" ind1="2" ind2=" ">
    <subfield code="a">Shining Moon Productions (Firm)</subfield>
    <subfield code="4">pro</subfield>
  </datafield>
  <datafield tag="710" ind1="2" ind2=" ">
    <subfield code="a">Cinequest (Firm)</subfield>
    <subfield code="4">dst</subfield>
  </datafield>
  <datafield tag="049" ind1=" " ind2=" ">
    <subfield code="a">HLSS</subfield>
  </datafield>
</record>