

<record xmlns="http://www.loc.gov/MARC21/slim"
xmlns:xsi="http://www.w3.org/2001/XMLSchema-instance"
xsi:schemaLocation="http://www.loc.gov/MARC21/slim
http://www.loc.gov/standards/marcxml/schema/MARC21slim.xsd">
  <leader>     nam a2200337Ia 4500</leader>
  <controlfield tag="001">011896792-4</controlfield>
  <controlfield tag="005">20100107232953.0</controlfield>
  <controlfield tag="008">080905s2004    cc a          000 0 tib d</controlfield>
  <datafield tag="020" ind1=" " ind2=" ">
    <subfield code="a">7508506537</subfield>
  </datafield>
  <datafield tag="020" ind1=" " ind2=" ">
    <subfield code="a">9787508506531</subfield>
  </datafield>
  <datafield tag="035" ind1="0" ind2=" ">
    <subfield code="a">ocn245543845</subfield>
  </datafield>
  <datafield tag="040" ind1=" " ind2=" ">
    <subfield code="a">HLQ</subfield>
    <subfield code="c">HLQ</subfield>
    <subfield code="d">HMY</subfield>
  </datafield>
  <datafield tag="041" ind1="1" ind2=" ">
    <subfield code="a">tib</subfield>
    <subfield code="h">chi</subfield>
  </datafield>
  <datafield tag="090" ind1=" " ind2=" ">
    <subfield code="a">DS786</subfield>
    <subfield code="b">.Z4763128 2004 vol.2</subfield>
  </datafield>
  <datafield tag="100" ind1="1" ind2=" ">
    <subfield code="6">880-01</subfield>
    <subfield code="a">Yang, Qinye.</subfield>
  </datafield>
  <datafield tag="240" ind1="1" ind2="0">
    <subfield code="6">880-02</subfield>
    <subfield code="a">Xizang di li.</subfield>
    <subfield code="l">Tibetan</subfield>
  </datafield>
  <datafield tag="245" ind1="1" ind2="0">
    <subfield code="a">Bod ljoṅs kyi sa rgyus /</subfield>
    <subfield code="c">Dbyaṅ-chen-ye, Kreṅ-tuʼu gyis brtsoms ; Skal-bzaṅ-tshe-riṅ gyis bsgyur.</subfield>
  </datafield>
  <datafield tag="260" ind1=" " ind2=" ">
    <subfield code="a">[Pe-cin] :</subfield>
    <subfield code="b">Gliṅ ṅa khyab spel dpe skrun khaṅ,</subfield>
    <subfield code="c">2004.</subfield>
  </datafield>
  <datafield tag="300" ind1=" " ind2=" ">
    <subfield code="a">211 p. :</subfield>
    <subfield code="b">col. ill. ;</subfield>
    <subfield code="c">21 cm.</subfield>
  </datafield>
  <datafield tag="440" ind1=" " ind2="0">
    <subfield code="6">880-03</subfield>
    <subfield code="a">Kruṅ goʼi bod ljoṅs kyi gźi rtsaʼi gnas tshul skor gyi dpe tshogs = Zhongguo Xizang ji ben qing kuang cong shu ;</subfield>
    <subfield code="v">2</subfield>
  </datafield>
  <datafield tag="650" ind1=" " ind2="0">
    <subfield code="a">Physical geography</subfield>
    <subfield code="z">China</subfield>
    <subfield code="z">Tibet Autonomous Region.</subfield>
  </datafield>
  <datafield tag="700" ind1="1" ind2=" ">
    <subfield code="6">880-04</subfield>
    <subfield code="a">Zheng, Du,</subfield>
    <subfield code="d">1936-</subfield>
  </datafield>
  <datafield tag="700" ind1="0" ind2=" ">
    <subfield code="a">Skal-bzaṅ-tshe-riṅ.</subfield>
  </datafield>
  <datafield tag="880" ind1="1" ind2=" ">
    <subfield code="6">100-01</subfield>
    <subfield code="a">杨勤业.</subfield>
  </datafield>
  <datafield tag="880" ind1="1" ind2="0">
    <subfield code="6">240-02</subfield>
    <subfield code="a">西藏地理.</subfield>
    <subfield code="l">Tibetan</subfield>
  </datafield>
  <datafield tag="880" ind1=" " ind2="0">
    <subfield code="6">440-03</subfield>
    <subfield code="a">Kruṅ goʼi bod ljoṅs kyi gźi rtsaʼi gnas tshul skor gyi dpe tshogs = 中国西藏基本情况丛书 ;</subfield>
    <subfield code="v">2</subfield>
  </datafield>
  <datafield tag="880" ind1="1" ind2=" ">
    <subfield code="6">700-04</subfield>
    <subfield code="a">郑度.</subfield>
  </datafield>
</record>