

<record xmlns="http://www.loc.gov/MARC21/slim"
xmlns:xsi="http://www.w3.org/2001/XMLSchema-instance"
xsi:schemaLocation="http://www.loc.gov/MARC21/slim
http://www.loc.gov/standards/marcxml/schema/MARC21slim.xsd">
  <leader>     njm a22     5a 4500</leader>
  <controlfield tag="001">011910861-5</controlfield>
  <controlfield tag="005">20090331162432.0</controlfield>
  <controlfield tag="008">090331|????||||???|||||||||||||||||tib|d</controlfield>
  <datafield tag="028" ind1="0" ind2="2">
    <subfield code="a">JAC-016</subfield>
    <subfield code="b">Junu Audio Centre</subfield>
  </datafield>
  <datafield tag="245" ind1="1" ind2="0">
    <subfield code="a">Najey yato</subfield>
    <subfield code="h">[sound recording] :</subfield>
    <subfield code="b">the old collection.</subfield>
  </datafield>
  <datafield tag="246" ind1="1" ind2=" ">
    <subfield code="i">Title appears on item as:</subfield>
    <subfield code="a">Junu Audio Centre presents Najey Yato</subfield>
  </datafield>
  <datafield tag="260" ind1=" " ind2=" ">
    <subfield code="a">Leh, Ladakh :</subfield>
    <subfield code="b">Junu Audio Centre,</subfield>
    <subfield code="c">20uu.</subfield>
  </datafield>
  <datafield tag="300" ind1=" " ind2=" ">
    <subfield code="a">1 sound disc :</subfield>
    <subfield code="b">digital, audio. ;</subfield>
    <subfield code="c">4 3/4 in.</subfield>
  </datafield>
  <datafield tag="546" ind1=" " ind2=" ">
    <subfield code="a">Sung in Ladakhi.</subfield>
  </datafield>
  <datafield tag="500" ind1=" " ind2=" ">
    <subfield code="a">Compact disc.</subfield>
  </datafield>
  <datafield tag="650" ind1=" " ind2="0">
    <subfield code="a">Folk music</subfield>
    <subfield code="z">India</subfield>
    <subfield code="z">Ladākh.</subfield>
  </datafield>
  <datafield tag="710" ind1="2" ind2=" ">
    <subfield code="a">Junu Audio Centre.</subfield>
  </datafield>
</record>