

<record xmlns="http://www.loc.gov/MARC21/slim"
xmlns:xsi="http://www.w3.org/2001/XMLSchema-instance"
xsi:schemaLocation="http://www.loc.gov/MARC21/slim
http://www.loc.gov/standards/marcxml/schema/MARC21slim.xsd">
  <leader>     cam a2200229La 4500</leader>
  <controlfield tag="001">011979769-0</controlfield>
  <controlfield tag="005">20090521111659.0</controlfield>
  <controlfield tag="008">070416s2006    ii     g      000 0 tibod</controlfield>
  <datafield tag="035" ind1="0" ind2=" ">
    <subfield code="a">ocn294883291</subfield>
  </datafield>
  <datafield tag="040" ind1=" " ind2=" ">
    <subfield code="a">DKAGE</subfield>
    <subfield code="b">eng</subfield>
    <subfield code="c">DKAGE</subfield>
    <subfield code="d">OCLCQ</subfield>
  </datafield>
  <datafield tag="082" ind1="0" ind2="4">
    <subfield code="a">294.3</subfield>
    <subfield code="2">22</subfield>
  </datafield>
  <datafield tag="245" ind1="0" ind2="0">
    <subfield code="a">Dol-rgyal gyi byuṅ rim daṅ rñog gleṅ la rnam par dpyad pa lu daṅ rigs pa&apos;i &apos;od snaṅ &apos;bum gyis legs par draṅs pa&apos;i mtha&apos; dpyod bden rdzun ñin mo ltar gsal bar byed pa gya&apos; sel me loṅ źes bya ba bźugs so.</subfield>
  </datafield>
  <datafield tag="246" ind1="1" ind2="4">
    <subfield code="a">Dol-rgyal gyi byuṅ rim daṅ rñog gleṅ la dpyad pa gya&apos; sel me loṅ</subfield>
  </datafield>
  <datafield tag="260" ind1=" " ind2=" ">
    <subfield code="a">[Dharamsala, Distt. Kangra, H.P.] :</subfield>
    <subfield code="b">Mdo smad chol kha&apos;i Dol-rgyal źib &apos;jug tshogs chuṅ nas rtsom sgrig byas mdo smad dbus spyi khyab rgyun las khaṅ nas dpar skrun daṅ &apos;grems spel byas,</subfield>
    <subfield code="c">2006.</subfield>
  </datafield>
  <datafield tag="300" ind1=" " ind2=" ">
    <subfield code="a">18, 539 p. ;</subfield>
    <subfield code="c">23 cm.</subfield>
  </datafield>
  <datafield tag="520" ind1=" " ind2=" ">
    <subfield code="a">On Buddhism.</subfield>
  </datafield>
  <datafield tag="500" ind1=" " ind2=" ">
    <subfield code="a">Dharmapāla (Dharma protector deities).</subfield>
  </datafield>
  <datafield tag="520" ind1=" " ind2=" ">
    <subfield code="a">History of Dol-rgyal [Dharmapāla] and analyses of its controversy called &apos;The Mirror [from which] Dust is Removed.&apos;</subfield>
  </datafield>
  <datafield tag="546" ind1=" " ind2=" ">
    <subfield code="a">In Tibetan.</subfield>
  </datafield>
  <datafield tag="650" ind1=" " ind2="0">
    <subfield code="a">Buddhism.</subfield>
  </datafield>
</record>