

<record xmlns="http://www.loc.gov/MARC21/slim"
xmlns:xsi="http://www.w3.org/2001/XMLSchema-instance"
xsi:schemaLocation="http://www.loc.gov/MARC21/slim
http://www.loc.gov/standards/marcxml/schema/MARC21slim.xsd">
  <leader>     cjm a2200421 a 4500</leader>
  <controlfield tag="001">012000080-6</controlfield>
  <controlfield tag="005">20120110181701.0</controlfield>
  <controlfield tag="008">040406s2004    wiuzznn  fi       n tib d</controlfield>
  <datafield tag="010" ind1=" " ind2=" ">
    <subfield code="a">  2004576946</subfield>
  </datafield>
  <datafield tag="024" ind1="1" ind2=" ">
    <subfield code="a">724359598727</subfield>
  </datafield>
  <datafield tag="028" ind1="0" ind2="2">
    <subfield code="a">72435-95987-2-7</subfield>
    <subfield code="b">Narada World</subfield>
  </datafield>
  <datafield tag="028" ind1="0" ind2="2">
    <subfield code="a">70876-18408-2-7</subfield>
    <subfield code="b">Narada World</subfield>
  </datafield>
  <datafield tag="035" ind1="0" ind2=" ">
    <subfield code="a">ocm55131173</subfield>
  </datafield>
  <datafield tag="040" ind1=" " ind2=" ">
    <subfield code="a">MRB</subfield>
    <subfield code="c">MRB</subfield>
    <subfield code="d">DLC</subfield>
    <subfield code="d">BTCTA</subfield>
    <subfield code="d">BUF</subfield>
    <subfield code="d">RV8</subfield>
    <subfield code="d">HMU</subfield>
  </datafield>
  <datafield tag="041" ind1="0" ind2=" ">
    <subfield code="d">tib</subfield>
    <subfield code="g">eng</subfield>
  </datafield>
  <datafield tag="042" ind1=" " ind2=" ">
    <subfield code="a">lcderive</subfield>
  </datafield>
  <datafield tag="043" ind1=" " ind2=" ">
    <subfield code="a">a-cc-ti</subfield>
  </datafield>
  <datafield tag="050" ind1="0" ind2="0">
    <subfield code="a">SDA 93128</subfield>
  </datafield>
  <datafield tag="082" ind1="0" ind2="0">
    <subfield code="a">781.62/51</subfield>
  </datafield>
  <datafield tag="100" ind1="1" ind2=" ">
    <subfield code="a">Tethong, Kelsang Chukie.</subfield>
    <subfield code="4">prf</subfield>
  </datafield>
  <datafield tag="245" ind1="1" ind2="0">
    <subfield code="a">Voice from Tara</subfield>
    <subfield code="h">[sound recording] /</subfield>
    <subfield code="c">Kelsang Chukie Tethong.</subfield>
  </datafield>
  <datafield tag="260" ind1=" " ind2=" ">
    <subfield code="a">Milwaukee, Wis. :</subfield>
    <subfield code="b">Narada World,</subfield>
    <subfield code="c">[2004]</subfield>
  </datafield>
  <datafield tag="300" ind1=" " ind2=" ">
    <subfield code="a">1 sound disc :</subfield>
    <subfield code="b">digital ;</subfield>
    <subfield code="c">4 3/4 in.</subfield>
  </datafield>
  <datafield tag="306" ind1=" " ind2=" ">
    <subfield code="a">004333</subfield>
  </datafield>
  <datafield tag="500" ind1=" " ind2=" ">
    <subfield code="a">Songs from a dying tradition arranged in folk and contemporary settings.</subfield>
  </datafield>
  <datafield tag="546" ind1=" " ind2=" ">
    <subfield code="a">Sung in Tibetan.</subfield>
  </datafield>
  <datafield tag="511" ind1="0" ind2=" ">
    <subfield code="a">Vocals performed by Kelsang Chukie Tethong with accompanying musicians.</subfield>
  </datafield>
  <datafield tag="500" ind1=" " ind2=" ">
    <subfield code="a">Compact disc.</subfield>
  </datafield>
  <datafield tag="500" ind1=" " ind2=" ">
    <subfield code="a">Biographical and program notes in English and song texts or summaries in English translation (1 folded leaf : port.) inserted in container.</subfield>
  </datafield>
  <datafield tag="505" ind1="0" ind2=" ">
    <subfield code="a">Om ma nye bhe mae hum (4:22) -- Generation of bodhichita (2:40) -- Avalokitesvara (4:28) -- Chang hogmun (3:05) -- Dhue sum sangye (3:27) -- The mantra of Kwan-Yin (1:53) -- Face of champa (3:24) -- Ghampa lamo (6:11) -- Rang yul sampa (3:18) -- Aku pema (4:14) -- Ala ye (3:19) -- Chang ga (3:12).</subfield>
  </datafield>
  <datafield tag="650" ind1=" " ind2="0">
    <subfield code="a">Songs, Tibetan</subfield>
    <subfield code="z">China</subfield>
    <subfield code="z">Tibet Autonomous Region Autonomous Region.</subfield>
  </datafield>
  <datafield tag="650" ind1=" " ind2="0">
    <subfield code="a">Music</subfield>
    <subfield code="z">China</subfield>
    <subfield code="z">Tibet Autonomous Region Autonomous Region.</subfield>
  </datafield>
  <datafield tag="049" ind1=" " ind2=" ">
    <subfield code="a">HMUU</subfield>
  </datafield>
</record>