

<record xmlns="http://www.loc.gov/MARC21/slim"
xmlns:xsi="http://www.w3.org/2001/XMLSchema-instance"
xsi:schemaLocation="http://www.loc.gov/MARC21/slim
http://www.loc.gov/standards/marcxml/schema/MARC21slim.xsd">
  <leader>     cas a22004575a 4500</leader>
  <controlfield tag="001">012037787-X</controlfield>
  <controlfield tag="005">20100412094651.0</controlfield>
  <controlfield tag="008">050527c198u9999cc qr p       0    0tib d</controlfield>
  <datafield tag="010" ind1=" " ind2=" ">
    <subfield code="a">  2003333472</subfield>
  </datafield>
  <datafield tag="022" ind1=" " ind2=" ">
    <subfield code="a">1007-0699</subfield>
  </datafield>
  <datafield tag="025" ind1=" " ind2=" ">
    <subfield code="a">Ch-Tib-2003-333472-S; 18; 24</subfield>
  </datafield>
  <datafield tag="035" ind1="0" ind2=" ">
    <subfield code="a">ocm60521260</subfield>
  </datafield>
  <datafield tag="040" ind1=" " ind2=" ">
    <subfield code="a">NYP</subfield>
    <subfield code="c">NYP</subfield>
    <subfield code="d">NYP</subfield>
    <subfield code="d">DLC</subfield>
  </datafield>
  <datafield tag="041" ind1="0" ind2=" ">
    <subfield code="a">tib</subfield>
    <subfield code="a">chi</subfield>
  </datafield>
  <datafield tag="042" ind1=" " ind2=" ">
    <subfield code="a">lc</subfield>
  </datafield>
  <datafield tag="043" ind1=" " ind2=" ">
    <subfield code="a">a-cc-ti</subfield>
  </datafield>
  <datafield tag="050" ind1="0" ind2="0">
    <subfield code="a">PL3701</subfield>
    <subfield code="b">.M73</subfield>
  </datafield>
  <datafield tag="245" ind1="0" ind2="0">
    <subfield code="6">880-01</subfield>
    <subfield code="a">Mang tshogs sgyu rtsal =</subfield>
    <subfield code="b">Qinghai qun zhong yi shu.</subfield>
  </datafield>
  <datafield tag="246" ind1="3" ind2="1">
    <subfield code="6">880-02</subfield>
    <subfield code="a">Qinghai qun zhong yi shu</subfield>
  </datafield>
  <datafield tag="246" ind1="1" ind2=" ">
    <subfield code="i">Issues for 2001- have Chinese title:</subfield>
    <subfield code="a">Qun wen tian di</subfield>
  </datafield>
  <datafield tag="246" ind1="1" ind2=" ">
    <subfield code="6">880-03</subfield>
    <subfield code="i">Issues for 2001- have English title:</subfield>
    <subfield code="a">Folk art and literature</subfield>
  </datafield>
  <datafield tag="260" ind1=" " ind2=" ">
    <subfield code="a">Zi-liṅ, Qinghai :</subfield>
    <subfield code="b">Mtsho sṅon źiṅ chen maṅ tshogs sgyu rtsal khaṅ</subfield>
  </datafield>
  <datafield tag="300" ind1=" " ind2=" ">
    <subfield code="a">v. :</subfield>
    <subfield code="b">ill. ;</subfield>
    <subfield code="c">26 cm.</subfield>
  </datafield>
  <datafield tag="310" ind1=" " ind2=" ">
    <subfield code="a">Quarterly</subfield>
  </datafield>
  <datafield tag="500" ind1=" " ind2=" ">
    <subfield code="a">Description based on: 1990, 1; spyiʼi deb graṅs 31; title from cover.</subfield>
  </datafield>
  <datafield tag="500" ind1=" " ind2=" ">
    <subfield code="a">Latest issue consulted: 2002, 4; spyiʼi deb graṅs 80.</subfield>
  </datafield>
  <datafield tag="520" ind1=" " ind2=" ">
    <subfield code="a">On various aspects of Tibetan studies.</subfield>
  </datafield>
  <datafield tag="546" ind1=" " ind2=" ">
    <subfield code="a">In Tibetan; contents in Chinese and Tibetan.</subfield>
  </datafield>
  <datafield tag="650" ind1=" " ind2="0">
    <subfield code="a">Tibetan literature</subfield>
    <subfield code="x">History and criticism</subfield>
    <subfield code="v">Periodicals.</subfield>
  </datafield>
  <datafield tag="650" ind1=" " ind2="0">
    <subfield code="a">Buddhist literature, Tibetan</subfield>
    <subfield code="v">Periodicals.</subfield>
  </datafield>
  <datafield tag="650" ind1=" " ind2="0">
    <subfield code="a">Arts</subfield>
    <subfield code="z">China</subfield>
    <subfield code="z">Qinghai Sheng</subfield>
    <subfield code="v">Periodicals.</subfield>
  </datafield>
  <datafield tag="710" ind1="2" ind2=" ">
    <subfield code="a">Qinghai Sheng qun zhong yi shu guan.</subfield>
  </datafield>
  <datafield tag="880" ind1="0" ind2="0">
    <subfield code="6">245-01</subfield>
    <subfield code="a">Maṅ tshogs sgyu rtsal =</subfield>
    <subfield code="b">青海群众艺术.</subfield>
  </datafield>
  <datafield tag="880" ind1="3" ind2="1">
    <subfield code="6">246-02</subfield>
    <subfield code="a">青海群众艺术</subfield>
  </datafield>
  <datafield tag="880" ind1="1" ind2=" ">
    <subfield code="6">246-03</subfield>
    <subfield code="i">Issues for 2001- have Chinese title:</subfield>
    <subfield code="a">群文天地</subfield>
  </datafield>
</record>