

<record xmlns="http://www.loc.gov/MARC21/slim"
xmlns:xsi="http://www.w3.org/2001/XMLSchema-instance"
xsi:schemaLocation="http://www.loc.gov/MARC21/slim
http://www.loc.gov/standards/marcxml/schema/MARC21slim.xsd">
  <leader>     nas a2200409 a 4500</leader>
  <controlfield tag="001">012057071-8</controlfield>
  <controlfield tag="005">20130212152008.0</controlfield>
  <controlfield tag="008">070227d19251963ii mr n s     0||| 0tib d</controlfield>
  <datafield tag="010" ind1=" " ind2=" ">
    <subfield code="a">  2008255055</subfield>
  </datafield>
  <datafield tag="035" ind1="0" ind2=" ">
    <subfield code="a">ocm85384374</subfield>
  </datafield>
  <datafield tag="035" ind1=" " ind2=" ">
    <subfield code="a">(Mrcit)1000000000727982</subfield>
  </datafield>
  <datafield tag="041" ind1="0" ind2=" ">
    <subfield code="a">tib</subfield>
    <subfield code="a">eng</subfield>
  </datafield>
  <datafield tag="042" ind1=" " ind2=" ">
    <subfield code="a">lcd</subfield>
  </datafield>
  <datafield tag="043" ind1=" " ind2=" ">
    <subfield code="a">a-cc-ti</subfield>
    <subfield code="a">a-ii---</subfield>
  </datafield>
  <datafield tag="050" ind1="1" ind2="4">
    <subfield code="a">DS786.A1</subfield>
    <subfield code="b">Y85</subfield>
  </datafield>
  <datafield tag="210" ind1="0" ind2=" ">
    <subfield code="a">TIBET MIRROR</subfield>
  </datafield>
  <datafield tag="245" ind1="0" ind2="0">
    <subfield code="a">Yul phyogs so soʼi gsar ʼgyur me loṅ.</subfield>
  </datafield>
  <datafield tag="246" ind1="1" ind2=" ">
    <subfield code="i">Issues for 1st Oct. 1925-&lt;28th Aug. 1927&gt; also have Hindi title:</subfield>
    <subfield code="a">Bhoṭ māsik Samācā-patr</subfield>
  </datafield>
  <datafield tag="246" ind1="1" ind2=" ">
    <subfield code="i">Issues for Mar. 1948-&lt;1st Nov. 1963&gt; also have other title:</subfield>
    <subfield code="a">Yulchog sosoi sargyur melong</subfield>
  </datafield>
  <datafield tag="246" ind1="1" ind2=" ">
    <subfield code="i">Issues for 1st July 1951-1st Aug. 1954 and 1st Apr. 1956-&lt;1st Nov. 1963&gt; also have English title:</subfield>
    <subfield code="a">Tibet mirror</subfield>
  </datafield>
  <datafield tag="246" ind1="1" ind2=" ">
    <subfield code="i">Issues for 1st Sept. 1954-&lt;12th Jan. 1955&gt; also have English title:</subfield>
    <subfield code="a">Weekly Tibet mirror</subfield>
  </datafield>
  <datafield tag="246" ind1="1" ind2=" ">
    <subfield code="i">Some issues also have English title:</subfield>
    <subfield code="a">Tibetan newspaper</subfield>
  </datafield>
  <datafield tag="260" ind1=" " ind2=" ">
    <subfield code="a">Kālimpong :</subfield>
    <subfield code="b">G. Tharchin,</subfield>
    <subfield code="c">1925-&lt;1963&gt;</subfield>
  </datafield>
  <datafield tag="300" ind1=" " ind2=" ">
    <subfield code="a">v. :</subfield>
    <subfield code="b">ill. ;</subfield>
    <subfield code="c">21-38 cm.</subfield>
  </datafield>
  <datafield tag="310" ind1=" " ind2=" ">
    <subfield code="a">Monthly,</subfield>
    <subfield code="b">[1st Oct. 1955- ]</subfield>
  </datafield>
  <datafield tag="321" ind1=" " ind2=" ">
    <subfield code="a">Monthly,</subfield>
    <subfield code="b">1st Oct. 1925-1st Aug. 1954</subfield>
  </datafield>
  <datafield tag="321" ind1=" " ind2=" ">
    <subfield code="a">Weekly,</subfield>
    <subfield code="b">1st Sept. 1954-&lt;12th Jan. 1955&gt;</subfield>
  </datafield>
  <datafield tag="362" ind1="0" ind2=" ">
    <subfield code="a">[Vol. 1], no. 1 (Oct. 1, 1925)-v. 28, no. 8 (Nov. 1, 1963)</subfield>
  </datafield>
  <datafield tag="500" ind1=" " ind2=" ">
    <subfield code="a">Description based on: [Vol. 1], no. 1 (Oct. 1, 1925); title from caption.</subfield>
  </datafield>
  <datafield tag="500" ind1=" " ind2=" ">
    <subfield code="a">Latest issues consulted: Vol. 28, no. 8 (Nov. 1, 1963).</subfield>
  </datafield>
  <datafield tag="515" ind1=" " ind2=" ">
    <subfield code="a">Issues for &lt;Vol. 2, no. 5- &gt; have volume designation.</subfield>
  </datafield>
  <datafield tag="546" ind1=" " ind2=" ">
    <subfield code="a">In Tibetan and English.</subfield>
  </datafield>
  <datafield tag="651" ind1=" " ind2="0">
    <subfield code="a">Tibet (China)</subfield>
    <subfield code="v">Newspapers.</subfield>
  </datafield>
  <datafield tag="651" ind1=" " ind2="0">
    <subfield code="a">Kālimpong (India)</subfield>
    <subfield code="v">Newspapers.</subfield>
  </datafield>
  <datafield tag="752" ind1=" " ind2=" ">
    <subfield code="a">China</subfield>
    <subfield code="b">Tibet.</subfield>
  </datafield>
  <datafield tag="752" ind1=" " ind2=" ">
    <subfield code="a">India</subfield>
    <subfield code="d">Kālimpong.</subfield>
  </datafield>
  <datafield tag="700" ind1="1" ind2=" ">
    <subfield code="a">Tharchin, G.,</subfield>
    <subfield code="d">1890-1976.</subfield>
  </datafield>
</record>