

<record xmlns="http://www.loc.gov/MARC21/slim"
xmlns:xsi="http://www.w3.org/2001/XMLSchema-instance"
xsi:schemaLocation="http://www.loc.gov/MARC21/slim
http://www.loc.gov/standards/marcxml/schema/MARC21slim.xsd">
  <leader>     cam a2200337 a 4500</leader>
  <controlfield tag="001">012174097-8</controlfield>
  <controlfield tag="005">20100111132913.0</controlfield>
  <controlfield tag="008">080815s2007    cc            000 0 tibod</controlfield>
  <datafield tag="010" ind1=" " ind2=" ">
    <subfield code="a">  2009313376</subfield>
  </datafield>
  <datafield tag="020" ind1=" " ind2=" ">
    <subfield code="a">9787105081936</subfield>
  </datafield>
  <datafield tag="020" ind1=" " ind2=" ">
    <subfield code="a">7105081937</subfield>
  </datafield>
  <datafield tag="025" ind1=" " ind2=" ">
    <subfield code="a">Ch-Tib-2009-313376; 16</subfield>
  </datafield>
  <datafield tag="035" ind1="0" ind2=" ">
    <subfield code="a">ocn243856896</subfield>
  </datafield>
  <datafield tag="037" ind1=" " ind2=" ">
    <subfield code="a">Library of Congress -- New Delhi Overseas Office</subfield>
    <subfield code="c">Rs275.00</subfield>
  </datafield>
  <datafield tag="040" ind1=" " ind2=" ">
    <subfield code="a">ZCU</subfield>
    <subfield code="c">ZCU</subfield>
    <subfield code="d">DLC</subfield>
  </datafield>
  <datafield tag="042" ind1=" " ind2=" ">
    <subfield code="a">lccopycat</subfield>
    <subfield code="a">lcode</subfield>
  </datafield>
  <datafield tag="043" ind1=" " ind2=" ">
    <subfield code="a">a-cc-ti</subfield>
  </datafield>
  <datafield tag="050" ind1="0" ind2="0">
    <subfield code="a">BQ6348</subfield>
    <subfield code="b">.B58 2007</subfield>
  </datafield>
  <datafield tag="100" ind1="0" ind2=" ">
    <subfield code="a">Blo-bzaṅ-chos-ʼbyor,</subfield>
    <subfield code="d">1930-</subfield>
  </datafield>
  <datafield tag="245" ind1="1" ind2="0">
    <subfield code="a">Bod kyi dgon sde khag gcig gi ṅo sprod mdor bsdus /</subfield>
    <subfield code="c">Blo-bzaṅ-chos-ʼbyor gyis brtsams.</subfield>
  </datafield>
  <datafield tag="246" ind1="1" ind2=" ">
    <subfield code="6">880-01</subfield>
    <subfield code="i">Chinese colophon title:</subfield>
    <subfield code="a">Xue yu ming sheng :</subfield>
    <subfield code="b">Zang wen</subfield>
  </datafield>
  <datafield tag="250" ind1=" " ind2=" ">
    <subfield code="a">Par gźi 1.</subfield>
  </datafield>
  <datafield tag="260" ind1=" " ind2=" ">
    <subfield code="a">Pe-cin:</subfield>
    <subfield code="b">Mi-rigs Dpe-skrun-khaṅ,</subfield>
    <subfield code="c">2007.</subfield>
  </datafield>
  <datafield tag="300" ind1=" " ind2=" ">
    <subfield code="a">2, 3, 226 p. ;</subfield>
    <subfield code="c">21 cm.</subfield>
  </datafield>
  <datafield tag="546" ind1=" " ind2=" ">
    <subfield code="a">In Tibetan.</subfield>
  </datafield>
  <datafield tag="520" ind1=" " ind2=" ">
    <subfield code="a">Brief histories of a few hundred Tibetan Buddhist monasteries in Tibet (Ch. Xizang), grouped by county name.</subfield>
  </datafield>
  <datafield tag="650" ind1=" " ind2="0">
    <subfield code="a">Buddhist monasteries</subfield>
    <subfield code="z">China</subfield>
    <subfield code="z">Tibet Autonomous Region</subfield>
    <subfield code="x">History.</subfield>
  </datafield>
  <datafield tag="880" ind1="1" ind2=" ">
    <subfield code="6">246-01</subfield>
    <subfield code="i">Chinese colophon title:</subfield>
    <subfield code="a">雪域名胜 :</subfield>
    <subfield code="b">藏文</subfield>
  </datafield>
  <datafield tag="049" ind1=" " ind2=" ">
    <subfield code="a">HLSS</subfield>
  </datafield>
</record>