

<record xmlns="http://www.loc.gov/MARC21/slim"
xmlns:xsi="http://www.w3.org/2001/XMLSchema-instance"
xsi:schemaLocation="http://www.loc.gov/MARC21/slim
http://www.loc.gov/standards/marcxml/schema/MARC21slim.xsd">
  <leader>     cam a2200349 a 4500</leader>
  <controlfield tag="001">012332957-4</controlfield>
  <controlfield tag="005">20111222003259.0</controlfield>
  <controlfield tag="008">110729s2009    cc af         000 0 tibod</controlfield>
  <datafield tag="010" ind1=" " ind2=" ">
    <subfield code="a">  2011324254</subfield>
  </datafield>
  <datafield tag="020" ind1=" " ind2=" ">
    <subfield code="a">9787802531314</subfield>
  </datafield>
  <datafield tag="035" ind1="0" ind2=" ">
    <subfield code="a">ocn671468681</subfield>
  </datafield>
  <datafield tag="037" ind1=" " ind2=" ">
    <subfield code="b">Library of Congress -- New Delhi Overseas Office</subfield>
  </datafield>
  <datafield tag="040" ind1=" " ind2=" ">
    <subfield code="a">HMY</subfield>
    <subfield code="c">HMY</subfield>
    <subfield code="d">DLC</subfield>
  </datafield>
  <datafield tag="042" ind1=" " ind2=" ">
    <subfield code="a">lccopycat</subfield>
    <subfield code="a">lcode</subfield>
  </datafield>
  <datafield tag="050" ind1="0" ind2="0">
    <subfield code="a">BQ3300.P735</subfield>
    <subfield code="b">B55 2009</subfield>
  </datafield>
  <datafield tag="100" ind1="0" ind2=" ">
    <subfield code="a">Blo-ldan-śes-rab,</subfield>
    <subfield code="c">Rṅog Lo-tsa-ba,</subfield>
    <subfield code="d">1059-1109.</subfield>
  </datafield>
  <datafield tag="240" ind1="1" ind2="0">
    <subfield code="a">Works.</subfield>
    <subfield code="k">Selections.</subfield>
    <subfield code="f">2009</subfield>
  </datafield>
  <datafield tag="245" ind1="1" ind2="0">
    <subfield code="a">Rṅog lo rtsā ba Blo-ldan-śes-rab kyi gsuṅ chos skor /</subfield>
    <subfield code="c">Dpal-brtsegs Bod yig dpe rñiṅ źib ʼjug khaṅ nas bsgrigs.</subfield>
  </datafield>
  <datafield tag="250" ind1=" " ind2=" ">
    <subfield code="a">Par theṅs 1.</subfield>
  </datafield>
  <datafield tag="260" ind1=" " ind2=" ">
    <subfield code="a">Pe-cin :</subfield>
    <subfield code="b">Kruṅ-go Bod rig pa dpe skrun khaṅ,</subfield>
    <subfield code="c">2009.</subfield>
  </datafield>
  <datafield tag="300" ind1=" " ind2=" ">
    <subfield code="a">3, 7, 4, 2, 4, 670 p., [3] p. of plates :</subfield>
    <subfield code="b">col. ill. ;</subfield>
    <subfield code="c">27 cm.</subfield>
  </datafield>
  <datafield tag="490" ind1="1" ind2=" ">
    <subfield code="a">Bkaʼ-gdams dpe dkon gces btus ;</subfield>
    <subfield code="v">3</subfield>
  </datafield>
  <datafield tag="546" ind1=" " ind2=" ">
    <subfield code="a">In Tibetan.</subfield>
  </datafield>
  <datafield tag="520" ind1=" " ind2=" ">
    <subfield code="a">Selected works of Rṅog Lo-tsa-ba Blo-ldan-śes-rab predominantly commentaries on Pramāṇaviniścaya, Prajñāpāramitā, and study on Kadampa doctrines.</subfield>
  </datafield>
  <datafield tag="505" ind1="0" ind2=" ">
    <subfield code="a">Mtshan ñid kyi chos źes bya ba tshad ma rnam ṅes kyi bsdus don -- Tshad ma rnam ṅes kyi dkaʼ gnad rnam bśad -- Śes rab sñiṅ poʼi rgya cher ʼgrel gyi bśad pa -- Śes rab kyi pha rol tu phyin paʼi man ṅag gi bstan bcos mṅon par rtogs paʼi rgyan ʼgrel pa daṅ bcas paʼi dkaʼ ʼgrel rin po cheʼi sgron me -- Rṅog Blo-ldan-śes-rab kyis mdzad paʼi mdo sde rgyan gyi bsdus don -- Theg pa chen po rgyud bla maʼi bsdus don -- Dbus mthaʼi bsdus don -- Rṅog Blo-ldan-śes-rab kyi spriṅ yig bdud rtsiʼi thig le -- Dag yig ñer mkho bsdus pa Śākyaʼi dge sloṅ Blo-ldan-śes-rab kyis mdzad pa.</subfield>
  </datafield>
  <datafield tag="600" ind1="0" ind2="0">
    <subfield code="a">Dharmakīrti,</subfield>
    <subfield code="d">active 7th century.</subfield>
    <subfield code="t">Pramāṇaviniścaya.</subfield>
  </datafield>
  <datafield tag="630" ind1="0" ind2="0">
    <subfield code="a">Abhisamayālaṅkāra</subfield>
    <subfield code="v">Commentaries</subfield>
    <subfield code="v">Early works to 1800.</subfield>
  </datafield>
  <datafield tag="630" ind1="0" ind2="0">
    <subfield code="a">Tripiṭaka.</subfield>
    <subfield code="p">Sūtrapiṭaka.</subfield>
    <subfield code="p">Prajñāparāmita.</subfield>
    <subfield code="p">Pañcaviṃśatisāhasrikā</subfield>
    <subfield code="v">Commentaries</subfield>
    <subfield code="v">Early works to 1800.</subfield>
  </datafield>
  <datafield tag="650" ind1=" " ind2="0">
    <subfield code="a">Bkaʼ-gdams-pa (Sect)</subfield>
    <subfield code="x">Doctrines</subfield>
    <subfield code="v">Early works to 1800.</subfield>
  </datafield>
  <datafield tag="710" ind1="2" ind2=" ">
    <subfield code="a">Dpal-brtsegs Bod-yig Dpe-rñiṅ Źib-ʼjug-khaṅ.</subfield>
  </datafield>
  <datafield tag="830" ind1=" " ind2="0">
    <subfield code="a">Bkaʼ-gdams dpe dkon gces btus ;</subfield>
    <subfield code="v">3.</subfield>
  </datafield>
</record>