

<record xmlns="http://www.loc.gov/MARC21/slim"
xmlns:xsi="http://www.w3.org/2001/XMLSchema-instance"
xsi:schemaLocation="http://www.loc.gov/MARC21/slim
http://www.loc.gov/standards/marcxml/schema/MARC21slim.xsd">
  <leader>     nam a22     4a 4500</leader>
  <controlfield tag="001">012333049-1</controlfield>
  <controlfield tag="005">20101022135212.0</controlfield>
  <controlfield tag="008">100429s2009    cc           |||||||tibod</controlfield>
  <datafield tag="020" ind1=" " ind2=" ">
    <subfield code="a">9787802532106</subfield>
  </datafield>
  <datafield tag="035" ind1="0" ind2=" ">
    <subfield code="a">ocn673186746</subfield>
  </datafield>
  <datafield tag="100" ind1="0" ind2=" ">
    <subfield code="a">Kloṅ-chen-pa Dri-med-ʼod-zer,</subfield>
    <subfield code="d">1308-1363.</subfield>
  </datafield>
  <datafield tag="240" ind1="1" ind2="0">
    <subfield code="a">Works</subfield>
  </datafield>
  <datafield tag="245" ind1="1" ind2="0">
    <subfield code="a">Kun mkhyen Kloṅ-chen-rab-ʼbyams kyi gsuṅ ʼbum bźugs so /</subfield>
    <subfield code="c">Dpal-brtsegs Bod yig dpe rñiṅ źib ʼjug khaṅ nas bsgrigs.</subfield>
  </datafield>
  <datafield tag="246" ind1="1" ind2="7">
    <subfield code="a">Kloṅ-chen-rab-ʼbyams kyi gsuṅ ʼbum</subfield>
  </datafield>
  <datafield tag="250" ind1=" " ind2=" ">
    <subfield code="a">Par theṅs 1.</subfield>
  </datafield>
  <datafield tag="260" ind1=" " ind2=" ">
    <subfield code="a">Pe-cin :</subfield>
    <subfield code="b">Kruṅ-goʼi Bod rig pa dpe skrun khaṅ,</subfield>
    <subfield code="c">2009.</subfield>
  </datafield>
  <datafield tag="300" ind1=" " ind2=" ">
    <subfield code="a">26 v. ;</subfield>
    <subfield code="c">21 cm.</subfield>
  </datafield>
  <datafield tag="490" ind1="1" ind2=" ">
    <subfield code="a">Mes poʼi śul bźag ;</subfield>
    <subfield code="v">106-131</subfield>
  </datafield>
  <datafield tag="546" ind1=" " ind2=" ">
    <subfield code="a">In Tibetan.</subfield>
  </datafield>
  <datafield tag="505" ind1="0" ind2=" ">
    <subfield code="a">v. 1-4. Bi-ma sñiṅ thig -- v. 5-8. Mkhaʼ ʼgro sñiṅ thig -- v. 9-10. Bla ma yaṅ thig -- v. 11-12. Zab mo yaṅ thig -- v. 13-14. Yid bźin mdzod -- v. 15. Grub mthaʼ mdzod daṅ Man ṅag mdzod -- v. 16. Chos dbyiṅs mdzod -- v. 17-18. Theg mchog mdzod -- v. 19. Tshig don mdzod -- v. 20-21. Sems ñid ṅal gso -- v. 22. Sgyu ma ṅal gso daṅ Bsam gtan ṅal gso ; Raṅ grol skor gsum -- v. 23. Gsaṅ sñiṅ rtsa ʼgrel -- v. 24-25. Gsuṅ thor bu -- v. 26. Gcod kyi skor.</subfield>
  </datafield>
  <datafield tag="650" ind1=" " ind2="0">
    <subfield code="a">Rñiṅ-ma-pa (Sect)</subfield>
  </datafield>
  <datafield tag="710" ind1="2" ind2=" ">
    <subfield code="a">Dpal-brtsegs Bod-yig Dpe-rñiṅ Źib-ʼjug-khaṅ.</subfield>
  </datafield>
  <datafield tag="830" ind1=" " ind2="0">
    <subfield code="a">Mes poʼi śul bźag ;</subfield>
    <subfield code="v">106-131.</subfield>
  </datafield>
</record>