

<record xmlns="http://www.loc.gov/MARC21/slim"
xmlns:xsi="http://www.w3.org/2001/XMLSchema-instance"
xsi:schemaLocation="http://www.loc.gov/MARC21/slim
http://www.loc.gov/standards/marcxml/schema/MARC21slim.xsd">
  <leader>     nam a22     3a 4500</leader>
  <controlfield tag="001">012333054-8</controlfield>
  <controlfield tag="005">20101022141846.0</controlfield>
  <controlfield tag="008">100429s2009    cc           |||||||tibod</controlfield>
  <datafield tag="020" ind1=" " ind2=" ">
    <subfield code="a">9787802531956</subfield>
  </datafield>
  <datafield tag="035" ind1="0" ind2=" ">
    <subfield code="a">ocn673186804</subfield>
  </datafield>
  <datafield tag="100" ind1="0" ind2=" ">
    <subfield code="a">Bo-doṅ Paṇ-chen Phyogs-las-rnam-rgyal,</subfield>
    <subfield code="d">1375-1450.</subfield>
  </datafield>
  <datafield tag="245" ind1="1" ind2="0">
    <subfield code="a">Bo-doṅ Phyogs-las-rnam-rgyal gyi gsuṅ ʼbum gsar rñed skor bźugs so /</subfield>
    <subfield code="c">Dpal-brtsegs Bod yig dpe rñiṅ źib ʼjug khaṅ nas bsgrigs.</subfield>
  </datafield>
  <datafield tag="246" ind1="1" ind2=" ">
    <subfield code="i">Supplementary booklet has title:</subfield>
    <subfield code="a">Bo-doṅ Phyogs-las-rnam-rgyal gyi gsuṅ ʼbum gsar rñed pod bźiʼi dkar chag bźugs so :</subfield>
    <subfield code="b">par blaṅs par ma</subfield>
  </datafield>
  <datafield tag="250" ind1=" " ind2=" ">
    <subfield code="a">Par theṅs 1.</subfield>
  </datafield>
  <datafield tag="260" ind1=" " ind2=" ">
    <subfield code="a">[Pe-cin] :</subfield>
    <subfield code="b">Kruṅ-goʾi Bod rig pa dpe skrun khaṅ,</subfield>
    <subfield code="c">2009.</subfield>
  </datafield>
  <datafield tag="300" ind1=" " ind2=" ">
    <subfield code="a">4 v. ;</subfield>
    <subfield code="c">8 x 43 cm. +</subfield>
    <subfield code="e">1 booklet.</subfield>
  </datafield>
  <datafield tag="490" ind1="1" ind2=" ">
    <subfield code="a">Phyag bris gces btus ;</subfield>
    <subfield code="v">pod ṅa drug pa-ṅa dgu pa</subfield>
  </datafield>
  <datafield tag="500" ind1=" " ind2=" ">
    <subfield code="a">With a supplementary booklet including a brief biography of the author and a table of contents.</subfield>
  </datafield>
  <datafield tag="520" ind1=" " ind2=" ">
    <subfield code="a">New additions to the collected works of Bo-doṅ Paṇ-chen.</subfield>
  </datafield>
  <datafield tag="710" ind1="2" ind2=" ">
    <subfield code="a">Dpal-brtsegs Bod-yig Dpe-rñiṅ Źib-ʼjug-khaṅ.</subfield>
  </datafield>
  <datafield tag="830" ind1=" " ind2="0">
    <subfield code="a">Phyag bris gces btus ;</subfield>
    <subfield code="v">56-59.</subfield>
  </datafield>
</record>