

<record xmlns="http://www.loc.gov/MARC21/slim"
xmlns:xsi="http://www.w3.org/2001/XMLSchema-instance"
xsi:schemaLocation="http://www.loc.gov/MARC21/slim
http://www.loc.gov/standards/marcxml/schema/MARC21slim.xsd">
  <leader>     cam a22003854a 4500</leader>
  <controlfield tag="001">012333064-5</controlfield>
  <controlfield tag="005">20101025132608.0</controlfield>
  <controlfield tag="008">071210s2006    cc            000 0ctibo</controlfield>
  <datafield tag="010" ind1=" " ind2=" ">
    <subfield code="a">  2007431689</subfield>
  </datafield>
  <datafield tag="020" ind1=" " ind2=" ">
    <subfield code="a">754093249X</subfield>
  </datafield>
  <datafield tag="020" ind1=" " ind2=" ">
    <subfield code="a">9787540932497</subfield>
  </datafield>
  <datafield tag="020" ind1=" " ind2=" ">
    <subfield code="a">9787540942830 (vols. 61-90)</subfield>
  </datafield>
  <datafield tag="020" ind1=" " ind2=" ">
    <subfield code="a">9787540943387 (booklet to vols. 61-90)</subfield>
  </datafield>
  <datafield tag="035" ind1="0" ind2=" ">
    <subfield code="a">ocn225524284</subfield>
  </datafield>
  <datafield tag="043" ind1=" " ind2=" ">
    <subfield code="a">a-cc-ti</subfield>
  </datafield>
  <datafield tag="050" ind1="0" ind2="0">
    <subfield code="a">BQ7670.4</subfield>
    <subfield code="b">.B555 2006</subfield>
  </datafield>
  <datafield tag="245" ind1="0" ind2="0">
    <subfield code="a">Bkaʼ-gdams gsuṅ ʼbum phyogs bsgrigs bźugs so /</subfield>
    <subfield code="c">Dpal-brtsegs Bod-yig Dpe-rñiṅ Źib-ʼjug-khaṅ nas bsgrigs ; [dpe sgrig ʼgan ʼkhur ba, Dbyaṅs-can-lha-mo ... et al.].</subfield>
  </datafield>
  <datafield tag="246" ind1="1" ind2=" ">
    <subfield code="i">Supplementary booklet to vols. 61-90 has title:</subfield>
    <subfield code="a">Bkaʼ-gdams gsuṅ ʼbum phyogs sgrig theṅs gsum paʼi dkar chag bźugs so</subfield>
  </datafield>
  <datafield tag="246" ind1="3" ind2=" ">
    <subfield code="a">Bkaʼ-gdams gsuṅ ʼbum phyogs sgrig</subfield>
  </datafield>
  <datafield tag="250" ind1=" " ind2=" ">
    <subfield code="a">Par theṅs 1.</subfield>
  </datafield>
  <datafield tag="260" ind1=" " ind2=" ">
    <subfield code="a">[Chengdu] :</subfield>
    <subfield code="b">Si-khron dpe skrun tshogs pa, Si-khron mi rigs dpe dpe skrun khaṅ gis par du bskrun,</subfield>
    <subfield code="c">2006-</subfield>
  </datafield>
  <datafield tag="300" ind1=" " ind2=" ">
    <subfield code="a">v. ;</subfield>
    <subfield code="c">9 x 44 cm. +</subfield>
    <subfield code="e">3 booklets.</subfield>
  </datafield>
  <datafield tag="546" ind1=" " ind2=" ">
    <subfield code="a">In Tibetan.</subfield>
  </datafield>
  <datafield tag="500" ind1=" " ind2=" ">
    <subfield code="a">Colophon has Chinese parallel title.</subfield>
  </datafield>
  <datafield tag="520" ind1=" " ind2=" ">
    <subfield code="a">Collected works of Kadampa scholars on doctrines, philosophy, rituals, and biographies, etc.</subfield>
  </datafield>
  <datafield tag="650" ind1=" " ind2="0">
    <subfield code="a">Bkaʼ-gdams-pa (Sect)</subfield>
    <subfield code="x">Doctrines</subfield>
    <subfield code="v">Early works to 1800.</subfield>
  </datafield>
  <datafield tag="650" ind1=" " ind2="0">
    <subfield code="a">Bkaʼ-gdams-pa (Sect)</subfield>
    <subfield code="x">Rituals</subfield>
    <subfield code="v">Texts</subfield>
    <subfield code="v">Early works to 1800.</subfield>
  </datafield>
  <datafield tag="650" ind1=" " ind2="0">
    <subfield code="a">Bkaʼ-gdams-pa lamas</subfield>
    <subfield code="z">China</subfield>
    <subfield code="z">Tibet Autonomous Region</subfield>
    <subfield code="v">Biography.</subfield>
  </datafield>
  <datafield tag="651" ind1=" " ind2="0">
    <subfield code="a">Tibet Autonomous Region (China)</subfield>
    <subfield code="v">Biography.</subfield>
  </datafield>
  <datafield tag="700" ind1="0" ind2=" ">
    <subfield code="a">Dbyaṅs-can-lha-mo.</subfield>
  </datafield>
  <datafield tag="710" ind1="2" ind2=" ">
    <subfield code="a">Dpal-brtsegs Bod-yig Dpe-rñiṅ Źib-ʼjug-khaṅ.</subfield>
  </datafield>
</record>