

<record xmlns="http://www.loc.gov/MARC21/slim"
xmlns:xsi="http://www.w3.org/2001/XMLSchema-instance"
xsi:schemaLocation="http://www.loc.gov/MARC21/slim
http://www.loc.gov/standards/marcxml/schema/MARC21slim.xsd">
  <leader>     nam a22     3a 4500</leader>
  <controlfield tag="001">012333069-6</controlfield>
  <controlfield tag="005">20101025135041.0</controlfield>
  <controlfield tag="008">100429s2009    cc           |||||||tibod</controlfield>
  <datafield tag="035" ind1="0" ind2=" ">
    <subfield code="a">ocn671468685</subfield>
  </datafield>
  <datafield tag="100" ind1="0" ind2=" ">
    <subfield code="a">Red-mdaʼ-ba Gźon-nu-blo-gros,</subfield>
    <subfield code="d">1349-1412.</subfield>
  </datafield>
  <datafield tag="245" ind1="1" ind2="0">
    <subfield code="a">Rje btsun Red-mdaʼ-ba Gźon-nu-blo-gros źabs kyi gsuṅ ʼbum.</subfield>
  </datafield>
  <datafield tag="246" ind1="1" ind2="7">
    <subfield code="a">Rje btsun Red-mdaʼ-baʼi gsuṅ ʼbum</subfield>
  </datafield>
  <datafield tag="260" ind1=" " ind2=" ">
    <subfield code="a">[Lha-ldan] :</subfield>
    <subfield code="b">Sa-skyaʼi dpe rñiṅ bsdu sgrig khaṅ nas bsgrigs :</subfield>
    <subfield code="b">[Bkra-shis-chos-ʼphel rig gnas las bya khaṅ nas par du skrun,</subfield>
    <subfield code="c">2009]</subfield>
  </datafield>
  <datafield tag="300" ind1=" " ind2=" ">
    <subfield code="a">8 v. ;</subfield>
    <subfield code="c">21 cm.</subfield>
  </datafield>
  <datafield tag="490" ind1="0" ind2=" ">
    <subfield code="a">Brtse chen ʼod snaṅ ;</subfield>
    <subfield code="v">9-16</subfield>
  </datafield>
  <datafield tag="520" ind1=" " ind2=" ">
    <subfield code="a">Collected works of Red-mdaʼ-ba Gźon-nu-blo-gros.</subfield>
  </datafield>
  <datafield tag="650" ind1=" " ind2="0">
    <subfield code="a">Sa-skya-pa (Sect)</subfield>
  </datafield>
</record>