

<record xmlns="http://www.loc.gov/MARC21/slim"
xmlns:xsi="http://www.w3.org/2001/XMLSchema-instance"
xsi:schemaLocation="http://www.loc.gov/MARC21/slim
http://www.loc.gov/standards/marcxml/schema/MARC21slim.xsd">
  <leader>     nam a22     3a 4500</leader>
  <controlfield tag="001">012362547-5</controlfield>
  <controlfield tag="005">20110420164016.0</controlfield>
  <controlfield tag="008">100604s2009    cc           |||||||tibod</controlfield>
  <datafield tag="020" ind1=" " ind2=" ">
    <subfield code="a">9787802531437</subfield>
  </datafield>
  <datafield tag="035" ind1="0" ind2=" ">
    <subfield code="a">ocn656158974</subfield>
  </datafield>
  <datafield tag="100" ind1="0" ind2=" ">
    <subfield code="a">Blo-bzaṅ-chos-kyi-rgyal-mtshan,</subfield>
    <subfield code="c">Panchen Lama I,</subfield>
    <subfield code="d">1567?-1662.</subfield>
  </datafield>
  <datafield tag="240" ind1="1" ind2="0">
    <subfield code="a">Works.</subfield>
    <subfield code="f">2009</subfield>
  </datafield>
  <datafield tag="245" ind1="0" ind2="0">
    <subfield code="a">Paṇ-chen Blo-bzaṅ-chos-kyi-rgyal-mtshan gyi gsuṅ rtsom /</subfield>
    <subfield code="c">Paṇ-chen Blo-bzaṅ-chos-kyi-rgyal-mtshan gyis brtsams.</subfield>
  </datafield>
  <datafield tag="250" ind1=" " ind2=" ">
    <subfield code="a">Par theṅs 1.</subfield>
  </datafield>
  <datafield tag="260" ind1=" " ind2=" ">
    <subfield code="a">Pe-cin :</subfield>
    <subfield code="b">Kruṅ-goʼi Bod rig pa dpe skrun khaṅ,</subfield>
    <subfield code="c">2009.</subfield>
  </datafield>
  <datafield tag="300" ind1=" " ind2=" ">
    <subfield code="a">5 v. ;</subfield>
    <subfield code="c">24 cm.</subfield>
  </datafield>
  <datafield tag="546" ind1=" " ind2=" ">
    <subfield code="a">In Tibetan.</subfield>
  </datafield>
  <datafield tag="500" ind1=" " ind2=" ">
    <subfield code="a">Authorship statement on v. 1, p. 1: Paṇ-chen sku phreṅ bźi pa Blo-bzaṅ-chos-kyi-rgyal-mtshan.</subfield>
  </datafield>
  <datafield tag="520" ind1=" " ind2=" ">
    <subfield code="a">Collected works of Blo-bzaṅ-chos-kyi-rgyal-mtshan, fourth Paṇ-chen bla ma (the first to be so named in his own lifetime) based on woodblocks from Bkra-śis-lhun-po.</subfield>
  </datafield>
  <datafield tag="650" ind1=" " ind2="0">
    <subfield code="a">Dge-lugs-pa (Sect)</subfield>
    <subfield code="v">Early works to 1800.</subfield>
  </datafield>
</record>