

<record xmlns="http://www.loc.gov/MARC21/slim"
xmlns:xsi="http://www.w3.org/2001/XMLSchema-instance"
xsi:schemaLocation="http://www.loc.gov/MARC21/slim
http://www.loc.gov/standards/marcxml/schema/MARC21slim.xsd">
  <leader>     nam a22     3a 4500</leader>
  <controlfield tag="001">012362563-7</controlfield>
  <controlfield tag="005">20101018143159.0</controlfield>
  <controlfield tag="008">100604s2009    cc af        |||||||tibod</controlfield>
  <datafield tag="020" ind1=" " ind2=" ">
    <subfield code="a">9787542116260</subfield>
  </datafield>
  <datafield tag="035" ind1="0" ind2=" ">
    <subfield code="a">ocn671468764</subfield>
  </datafield>
  <datafield tag="100" ind1="0" ind2=" ">
    <subfield code="a">Tshul-khrims-rgyal-mtshan,</subfield>
    <subfield code="c">Mkhan-po.</subfield>
  </datafield>
  <datafield tag="240" ind1="1" ind2="0">
    <subfield code="a">Works</subfield>
  </datafield>
  <datafield tag="245" ind1="1" ind2="0">
    <subfield code="a">Mkhan chen Tshul-khrims-rgyal-mtshan mchog gi gsuṅ ʼbum bźugs so.</subfield>
  </datafield>
  <datafield tag="246" ind1="1" ind2="8">
    <subfield code="a">Mahāpaṇḍitaśīladhvajaśāstraṃ</subfield>
  </datafield>
  <datafield tag="250" ind1=" " ind2=" ">
    <subfield code="a">Par theṅs 1.</subfield>
  </datafield>
  <datafield tag="260" ind1=" " ind2=" ">
    <subfield code="a">Kan suʼu :</subfield>
    <subfield code="b">Gaṅs-ljoṅs rig rgyan gsuṅ rab par khaṅ nas bsgrigs :</subfield>
    <subfield code="b">Kan suʼu mi rigs dpe skrun khaṅ,</subfield>
    <subfield code="c">2009.</subfield>
  </datafield>
  <datafield tag="300" ind1=" " ind2=" ">
    <subfield code="a">13 v. :</subfield>
    <subfield code="b">ill., plates ;</subfield>
    <subfield code="c">21 cm.</subfield>
  </datafield>
  <datafield tag="520" ind1=" " ind2=" ">
    <subfield code="a">Collected works of Tibetan polymath Lṅa rig paṇ chen Tshul-khrims-rgyal-mtshan (1933-2002) of ʼPhan po Nā-lendra monastery.</subfield>
  </datafield>
</record>