

<record xmlns="http://www.loc.gov/MARC21/slim"
xmlns:xsi="http://www.w3.org/2001/XMLSchema-instance"
xsi:schemaLocation="http://www.loc.gov/MARC21/slim
http://www.loc.gov/standards/marcxml/schema/MARC21slim.xsd">
  <leader>     nam a22     3a 4500</leader>
  <controlfield tag="001">012362584-X</controlfield>
  <controlfield tag="005">20110630174608.0</controlfield>
  <controlfield tag="008">100604s2006    cc a         |||||||tibod</controlfield>
  <datafield tag="020" ind1=" " ind2=" ">
    <subfield code="a">9787223019385</subfield>
  </datafield>
  <datafield tag="035" ind1="0" ind2=" ">
    <subfield code="a">ocn721326788</subfield>
  </datafield>
  <datafield tag="245" ind1="0" ind2="0">
    <subfield code="a">Bde thaṅ la phan paʼi sṅo tshal daṅ ʼbras shiṅ ʼdebs gso byed staṅs kyi khrid ston lag deb =</subfield>
    <subfield code="b">How to grow vegetables and fruits for good health (handbook) /</subfield>
    <subfield code="c">[rtsom sgrig pa, Zla-ba-rgyal-mtshan, Sman-pa Rachel Pinniger].</subfield>
  </datafield>
  <datafield tag="246" ind1="3" ind2="1">
    <subfield code="a">How to grow vegetables and fruits for good health</subfield>
  </datafield>
  <datafield tag="250" ind1=" " ind2=" ">
    <subfield code="a">Par theṅs 1.</subfield>
  </datafield>
  <datafield tag="260" ind1=" " ind2=" ">
    <subfield code="a">Lha-sa :</subfield>
    <subfield code="b">Bod ljoṅs mi dmaṅs dpe skrun khaṅ,</subfield>
    <subfield code="c">2006.</subfield>
  </datafield>
  <datafield tag="300" ind1=" " ind2=" ">
    <subfield code="a">84 p. :</subfield>
    <subfield code="b">col. ill. ;</subfield>
    <subfield code="c">26 cm.</subfield>
  </datafield>
  <datafield tag="546" ind1=" " ind2=" ">
    <subfield code="a">In Tibetan.</subfield>
  </datafield>
  <datafield tag="500" ind1=" " ind2=" ">
    <subfield code="a">Parallel title in Chinese.</subfield>
  </datafield>
  <datafield tag="520" ind1=" " ind2=" ">
    <subfield code="a">Handbook on cultivating fruits and vegetables in Tibet, based in part on &quot;Vegetable Garden Workbook&quot; by Elizabeth D. Adams and the &quot;Expert&quot; garden series by D.G. Hessayon.</subfield>
  </datafield>
  <datafield tag="500" ind1=" " ind2=" ">
    <subfield code="a">&quot;Produced by Kunde Foundation&quot;--T.p. verso.</subfield>
  </datafield>
</record>