

<record xmlns="http://www.loc.gov/MARC21/slim"
xmlns:xsi="http://www.w3.org/2001/XMLSchema-instance"
xsi:schemaLocation="http://www.loc.gov/MARC21/slim
http://www.loc.gov/standards/marcxml/schema/MARC21slim.xsd">
  <leader>     nam a22     3a 4500</leader>
  <controlfield tag="001">012362605-6</controlfield>
  <controlfield tag="005">20101018143255.0</controlfield>
  <controlfield tag="008">100604s2009    cc af        |||||||tibod</controlfield>
  <datafield tag="020" ind1=" " ind2=" ">
    <subfield code="a">9787540941475</subfield>
  </datafield>
  <datafield tag="035" ind1="0" ind2=" ">
    <subfield code="a">ocn671468765</subfield>
  </datafield>
  <datafield tag="100" ind1="0" ind2=" ">
    <subfield code="a">Tshe-dbaṅ,</subfield>
    <subfield code="c">Skyem-pa,</subfield>
    <subfield code="d">active 15th century.</subfield>
  </datafield>
  <datafield tag="245" ind1="1" ind2="0">
    <subfield code="a">Bdud rtsi sñiṅ bo yan lag brgyad pa gsaṅ ba man ṅag gi rgyud las phyi ma rgyud kyi rnam par bśad pa lag len gsal byed ces bya ba bźugs /</subfield>
    <subfield code="c">Rje Skyem-pa-tshe-dbaṅ gis brtsams ; Mdzod-dge-rdzoṅ Bod sman źib ʼjug khaṅ gis ʼtshol sdud dag sgrig byas.</subfield>
  </datafield>
  <datafield tag="246" ind1="1" ind2="4">
    <subfield code="a">Phyi ma rgyud kyi rnam par bśad pa lag len gsal byed ces bya ba bźugs</subfield>
  </datafield>
  <datafield tag="246" ind1="3" ind2=" ">
    <subfield code="a">Bdud rtsi sñiṅ po yan lag brgyad pa gsaṅ ba man ṅag gi rgyud las phyi ma rgyud kyi rnam par bśad pa lag len gsal byed ces bya ba bźugs</subfield>
  </datafield>
  <datafield tag="250" ind1=" " ind2=" ">
    <subfield code="a">Par theṅs 1.</subfield>
  </datafield>
  <datafield tag="260" ind1=" " ind2=" ">
    <subfield code="a">Khreṅ-tuʼu :</subfield>
    <subfield code="b">Si khron dpe skrun tshogs pa ;</subfield>
    <subfield code="b">Si khron mi rigs dpe skrun khaṅ,</subfield>
    <subfield code="c">2009.</subfield>
  </datafield>
  <datafield tag="300" ind1=" " ind2=" ">
    <subfield code="a">4, 2, 537 p., [8] leaves of plates :</subfield>
    <subfield code="b">col. ill. ;</subfield>
    <subfield code="c">21 cm.</subfield>
  </datafield>
  <datafield tag="490" ind1="1" ind2=" ">
    <subfield code="a">Mdzod-dge Bod lugs sman khaṅ gi gso rig dpe tshogs ;</subfield>
    <subfield code="v">3</subfield>
  </datafield>
  <datafield tag="546" ind1=" " ind2=" ">
    <subfield code="a">In Tibetan.</subfield>
  </datafield>
  <datafield tag="520" ind1=" " ind2=" ">
    <subfield code="a">Commentary on the last of the four Tibetan medical tantras (Rgyud bźi) by Skyem-pa-tshe-dbaṅ (15th cent.)</subfield>
  </datafield>
  <datafield tag="650" ind1=" " ind2="0">
    <subfield code="a">Medicine, Tibetan</subfield>
    <subfield code="v">Early works to 1800.</subfield>
  </datafield>
  <datafield tag="710" ind1="2" ind2=" ">
    <subfield code="a">Mdzod-dge Rdzoṅ Bod Sman Źib-ʼjug-khaṅ.</subfield>
  </datafield>
  <datafield tag="830" ind1=" " ind2="0">
    <subfield code="a">Mdzod-dge Bod-lugs Sman-khaṅ gi gso rig dpe tshogs ;</subfield>
    <subfield code="v">3.</subfield>
  </datafield>
</record>