

<record xmlns="http://www.loc.gov/MARC21/slim"
xmlns:xsi="http://www.w3.org/2001/XMLSchema-instance"
xsi:schemaLocation="http://www.loc.gov/MARC21/slim
http://www.loc.gov/standards/marcxml/schema/MARC21slim.xsd">
  <leader>     nam a22     3a 4500</leader>
  <controlfield tag="001">012362610-2</controlfield>
  <controlfield tag="005">20110121160117.0</controlfield>
  <controlfield tag="008">100604s2007    cc           |||||||tibod</controlfield>
  <datafield tag="020" ind1=" " ind2=" ">
    <subfield code="a">9789624506136</subfield>
  </datafield>
  <datafield tag="020" ind1=" " ind2=" ">
    <subfield code="a">9624506132</subfield>
  </datafield>
  <datafield tag="035" ind1="0" ind2=" ">
    <subfield code="a">ocn671468766</subfield>
  </datafield>
  <datafield tag="245" ind1="0" ind2="0">
    <subfield code="a">Bkaʼ-brgyud źal ʼdon phyogs sgrigs /</subfield>
    <subfield code="c">Karma-gu-rus bsgrigs.</subfield>
  </datafield>
  <datafield tag="246" ind1="1" ind2="4">
    <subfield code="a">Bkaʼ-brgyud smon lam chen moʼi dran rten</subfield>
  </datafield>
  <datafield tag="250" ind1=" " ind2=" ">
    <subfield code="a">Par theṅs 1.</subfield>
  </datafield>
  <datafield tag="260" ind1=" " ind2=" ">
    <subfield code="a">Źaṅ-khaṅ :</subfield>
    <subfield code="b">Mtsho-sṅon naṅ bstan rtsom sgrig khaṅ gis bsgrigs :</subfield>
    <subfield code="b">Źaṅ-khaṅ Then-mā dpe skrun khaṅ gis bskrun te bkram,</subfield>
    <subfield code="c">2007.</subfield>
  </datafield>
  <datafield tag="300" ind1=" " ind2=" ">
    <subfield code="a">3, 4, 296 p. ;</subfield>
    <subfield code="c">19 cm.</subfield>
  </datafield>
  <datafield tag="520" ind1=" " ind2=" ">
    <subfield code="a">Commemorative prayer book for the 2001 Bkaʼ-brgyud smon lam.</subfield>
  </datafield>
  <datafield tag="650" ind1=" " ind2="0">
    <subfield code="a">Bkaʼ-rgyud-pa (Sect)</subfield>
    <subfield code="v">Prayers and devotions.</subfield>
  </datafield>
</record>