

<record xmlns="http://www.loc.gov/MARC21/slim"
xmlns:xsi="http://www.w3.org/2001/XMLSchema-instance"
xsi:schemaLocation="http://www.loc.gov/MARC21/slim
http://www.loc.gov/standards/marcxml/schema/MARC21slim.xsd">
  <leader>     cam a22003853a 4500</leader>
  <controlfield tag="001">012362619-6</controlfield>
  <controlfield tag="005">20110427151751.0</controlfield>
  <controlfield tag="008">090505s2009    cc            000 0 tibod</controlfield>
  <datafield tag="020" ind1=" " ind2=" ">
    <subfield code="a">9787802531505</subfield>
  </datafield>
  <datafield tag="035" ind1="0" ind2=" ">
    <subfield code="a">ocn716830861</subfield>
  </datafield>
  <datafield tag="043" ind1=" " ind2=" ">
    <subfield code="a">a-cc-sz</subfield>
  </datafield>
  <datafield tag="050" ind1=" " ind2="4">
    <subfield code="a">GR337</subfield>
    <subfield code="b">.D536 2009</subfield>
  </datafield>
  <datafield tag="245" ind1="0" ind2="0">
    <subfield code="6">880-01</subfield>
    <subfield code="a">Bod kyi dmaṅs khrod gtam rgyud gces bsdus /</subfield>
    <subfield code="c">Khams-paʼi śul bźag rig gnas sruṅ spel tshogs pa = Zang zu min jian gu shi / Kangba wen hua yi chan bao hu fa zhan cu jin hui = Standard Tibetan folktale / Kham Cultural Heritage Preservation and Development Association.</subfield>
  </datafield>
  <datafield tag="246" ind1="3" ind2="1">
    <subfield code="6">880-02</subfield>
    <subfield code="a">Zang zu min jian gu shi</subfield>
  </datafield>
  <datafield tag="246" ind1="3" ind2="1">
    <subfield code="a">Standard Tibetan folktale</subfield>
  </datafield>
  <datafield tag="260" ind1=" " ind2=" ">
    <subfield code="6">880-03</subfield>
    <subfield code="a">[Kangding Xian] :</subfield>
    <subfield code="b">Khams-paʼi śul bźag rig gnas sruṅ spel tshogs pa,</subfield>
    <subfield code="c">2009.</subfield>
  </datafield>
  <datafield tag="300" ind1=" " ind2=" ">
    <subfield code="a">v. ;</subfield>
    <subfield code="c">21 cm.</subfield>
  </datafield>
  <datafield tag="546" ind1=" " ind2=" ">
    <subfield code="a">In Tibetan.</subfield>
  </datafield>
  <datafield tag="520" ind1=" " ind2=" ">
    <subfield code="a">Compilation of Tibetan folktales from Khams (Sichuan Province) including regions of Dor-brag, Gser-rta, Dar-mdo, Kar-mdzes, and Brag-ʼgo.</subfield>
  </datafield>
  <datafield tag="650" ind1=" " ind2="0">
    <subfield code="a">Tales</subfield>
    <subfield code="z">China</subfield>
    <subfield code="z">Sichuan Sheng.</subfield>
  </datafield>
  <datafield tag="650" ind1=" " ind2="0">
    <subfield code="a">Folk literature, Tibetan</subfield>
    <subfield code="z">China</subfield>
    <subfield code="z">Sichuan Sheng.</subfield>
  </datafield>
  <datafield tag="650" ind1=" " ind2="0">
    <subfield code="a">Tales</subfield>
    <subfield code="z">China</subfield>
    <subfield code="z">Sêrtar Xian.</subfield>
  </datafield>
  <datafield tag="710" ind1="2" ind2=" ">
    <subfield code="a">Khams-paʼi śul bźag rig gnas sruṅ spel tshogs pa.</subfield>
  </datafield>
  <datafield tag="880" ind1="0" ind2="0">
    <subfield code="6">245-01</subfield>
    <subfield code="a">Bod kyi dmaṅs khrod gtam rgyud gces bsdus /</subfield>
    <subfield code="c">Khams-paʼi śul bźag rig gnas sruṅ spel tshogs pa = 藏族民间故事 / 康巴文化遗产保护发展促进会 = Standard Tibetan folktale / Kham Cultural Heritage Preservation and Development Association.</subfield>
  </datafield>
  <datafield tag="880" ind1="3" ind2="1">
    <subfield code="6">246-02</subfield>
    <subfield code="a">藏族民间故事</subfield>
  </datafield>
  <datafield tag="880" ind1=" " ind2=" ">
    <subfield code="6">260-03</subfield>
    <subfield code="a">[康定县] :</subfield>
    <subfield code="b">Khams-paʼi śul bźag rig gnas sruṅ spel tshogs pa,</subfield>
    <subfield code="c">2009.</subfield>
  </datafield>
</record>