

<record xmlns="http://www.loc.gov/MARC21/slim"
xmlns:xsi="http://www.w3.org/2001/XMLSchema-instance"
xsi:schemaLocation="http://www.loc.gov/MARC21/slim
http://www.loc.gov/standards/marcxml/schema/MARC21slim.xsd">
  <leader>     nam a22     7a 4500</leader>
  <controlfield tag="001">012362632-3</controlfield>
  <controlfield tag="005">20111014131815.0</controlfield>
  <controlfield tag="008">100604r20082007cc a          000|0 tibod</controlfield>
  <datafield tag="020" ind1=" " ind2=" ">
    <subfield code="a">9787223022156</subfield>
  </datafield>
  <datafield tag="035" ind1="0" ind2=" ">
    <subfield code="a">ocn757916076</subfield>
  </datafield>
  <datafield tag="100" ind1="0" ind2=" ">
    <subfield code="a">Lhag-pa.</subfield>
  </datafield>
  <datafield tag="245" ind1="1" ind2="0">
    <subfield code="6">880-01</subfield>
    <subfield code="a">Bod kyi rdzab rlaṅs tshan gdal rgyun śes /</subfield>
    <subfield code="c">Bod raṅ skyoṅ ljoṅs tshan rtsal theṅ, Lhag-pa, Bsam-gtan = Xizang zhao qi ka pu chang shi / Xizang zizhiqu ke xue ji shu ting, Labasangdan.</subfield>
  </datafield>
  <datafield tag="246" ind1="3" ind2="1">
    <subfield code="6">880-02</subfield>
    <subfield code="a">Xizang zhao qi ka pu chang shi</subfield>
  </datafield>
  <datafield tag="260" ind1=" " ind2=" ">
    <subfield code="a">Lha-sa :</subfield>
    <subfield code="b">Bod-ljoṅs mi dmaṅs dpe skrun khaṅ,</subfield>
    <subfield code="d">2007, [par theṅs 2 btab 2008].</subfield>
  </datafield>
  <datafield tag="260" ind1=" " ind2=" ">
    <subfield code="6">880-03</subfield>
    <subfield code="a">Lasa :</subfield>
    <subfield code="b">Xizang ren min chu ban she,</subfield>
    <subfield code="c">2007</subfield>
    <subfield code="g">(2008 printing)</subfield>
  </datafield>
  <datafield tag="300" ind1=" " ind2=" ">
    <subfield code="a">47 p. :</subfield>
    <subfield code="b">ill. ;</subfield>
    <subfield code="c">19 cm.</subfield>
  </datafield>
  <datafield tag="546" ind1=" " ind2=" ">
    <subfield code="a">In Tibetan.</subfield>
  </datafield>
  <datafield tag="650" ind1=" " ind2="0">
    <subfield code="a">Methane</subfield>
    <subfield code="v">Popular works.</subfield>
  </datafield>
  <datafield tag="650" ind1=" " ind2="0">
    <subfield code="a">Biogas</subfield>
    <subfield code="v">Popular works.</subfield>
  </datafield>
  <datafield tag="710" ind1="2" ind2=" ">
    <subfield code="a">Bod raṅ skyoṅ ljoṅs tshan rtsal theṅ.</subfield>
  </datafield>
  <datafield tag="700" ind1="0" ind2=" ">
    <subfield code="a">Bsam-gtan.</subfield>
  </datafield>
  <datafield tag="700" ind1="0" ind2=" ">
    <subfield code="6">880-04</subfield>
    <subfield code="a">Labasangdan.</subfield>
  </datafield>
  <datafield tag="710" ind1="2" ind2=" ">
    <subfield code="6">880-05</subfield>
    <subfield code="a">Xizang zizhiqu ke xue ji shu ting.</subfield>
  </datafield>
  <datafield tag="880" ind1="1" ind2="0">
    <subfield code="6">245-01</subfield>
    <subfield code="a">Bod kyi rdzab rlaṅs tshan gdal rgyun śes /</subfield>
    <subfield code="c">Bod raṅ skyoṅ ljoṅs tshan rtsal theṅ, Lhag-pa, Bsam-gtan = 西藏沼气科普常识 /西藏自治区科学技术厅, 拉巴桑旦.</subfield>
  </datafield>
  <datafield tag="880" ind1="3" ind2="1">
    <subfield code="6">246-02</subfield>
    <subfield code="a">西藏沼气科普常识</subfield>
  </datafield>
  <datafield tag="880" ind1=" " ind2=" ">
    <subfield code="6">260-03</subfield>
    <subfield code="a">拉萨 :</subfield>
    <subfield code="b">西藏人民出版社,</subfield>
    <subfield code="c">2007</subfield>
    <subfield code="g">(2008 printing)</subfield>
  </datafield>
  <datafield tag="880" ind1="0" ind2=" ">
    <subfield code="6">700-04</subfield>
    <subfield code="a">拉巴桑旦.</subfield>
  </datafield>
  <datafield tag="880" ind1="2" ind2=" ">
    <subfield code="6">710-05</subfield>
    <subfield code="a">西藏自治区科学技术厅.</subfield>
  </datafield>
</record>