

<record xmlns="http://www.loc.gov/MARC21/slim"
xmlns:xsi="http://www.w3.org/2001/XMLSchema-instance"
xsi:schemaLocation="http://www.loc.gov/MARC21/slim
http://www.loc.gov/standards/marcxml/schema/MARC21slim.xsd">
  <leader>     cam a2200409 a 4500</leader>
  <controlfield tag="001">012362781-8</controlfield>
  <controlfield tag="005">20110420165123.0</controlfield>
  <controlfield tag="008">981113s200u    cc       b    000 0 tibo</controlfield>
  <datafield tag="010" ind1=" " ind2=" ">
    <subfield code="a">   98904697</subfield>
  </datafield>
  <datafield tag="020" ind1=" " ind2=" ">
    <subfield code="z">77542000632</subfield>
  </datafield>
  <datafield tag="035" ind1="0" ind2=" ">
    <subfield code="a">ocn714041524</subfield>
  </datafield>
  <datafield tag="050" ind1="0" ind2="0">
    <subfield code="a">PL3611</subfield>
    <subfield code="b">.B723</subfield>
  </datafield>
  <datafield tag="100" ind1="0" ind2=" ">
    <subfield code="a">ʼJam-dbyaṅs-grags-pa.</subfield>
  </datafield>
  <datafield tag="245" ind1="1" ind2="0">
    <subfield code="a">ʼBriṅ rim dge rgan gyi Bod yig rgyugs len tshad gźi don ldan tshaṅs thig ces bya ba /</subfield>
    <subfield code="c">ʼJam-dbyaṅs-grags-pas brtsams.</subfield>
  </datafield>
  <datafield tag="246" ind1="1" ind2=" ">
    <subfield code="i">Colophon title:</subfield>
    <subfield code="a">Zhong xue zang yu wen jiao shi &quot;he ge zheng shu&quot; wen hua zhuang ye kao shi fu xi zi liao</subfield>
  </datafield>
  <datafield tag="260" ind1=" " ind2=" ">
    <subfield code="a">Yun-nan :</subfield>
    <subfield code="b">Yun-nan mi rigs dpe skrun khaṅ,</subfield>
    <subfield code="c">[200-?]</subfield>
  </datafield>
  <datafield tag="300" ind1=" " ind2=" ">
    <subfield code="a">2, 2, 418 p. ;</subfield>
    <subfield code="c">19 cm.</subfield>
  </datafield>
  <datafield tag="546" ind1=" " ind2=" ">
    <subfield code="a">In Tibetan.</subfield>
  </datafield>
  <datafield tag="500" ind1=" " ind2=" ">
    <subfield code="a">Cover title.</subfield>
  </datafield>
  <datafield tag="500" ind1=" " ind2=" ">
    <subfield code="a">First published in Mtsho-sṅon in 1987.</subfield>
  </datafield>
  <datafield tag="504" ind1=" " ind2=" ">
    <subfield code="a">Includes list of recommended readings (p. 415-417).</subfield>
  </datafield>
  <datafield tag="520" ind1=" " ind2=" ">
    <subfield code="a">Procedure for examining intermediate-level teachers on Tibetan grammar and literary sciences: sum cu pa, rtags kyi &apos;jug pa, mngon brjod, snyan ngag, tshad ma.</subfield>
  </datafield>
  <datafield tag="650" ind1=" " ind2="0">
    <subfield code="a">Tibetan language</subfield>
    <subfield code="x">Study and teaching (Middle School)</subfield>
  </datafield>
  <datafield tag="650" ind1=" " ind2="0">
    <subfield code="a">Tibetan language</subfield>
    <subfield code="v">Texts.</subfield>
  </datafield>
  <datafield tag="700" ind1="0" ind2=" ">
    <subfield code="a">ʼJam-dbyaṅs-grags-pa.</subfield>
  </datafield>
</record>