

<record xmlns="http://www.loc.gov/MARC21/slim"
xmlns:xsi="http://www.w3.org/2001/XMLSchema-instance"
xsi:schemaLocation="http://www.loc.gov/MARC21/slim
http://www.loc.gov/standards/marcxml/schema/MARC21slim.xsd">
  <leader>     nam a22     3a 4500</leader>
  <controlfield tag="001">012362790-7</controlfield>
  <controlfield tag="005">20110420164333.0</controlfield>
  <controlfield tag="008">100604s2007    cc af        |||||||tibod</controlfield>
  <datafield tag="020" ind1=" " ind2=" ">
    <subfield code="a">9787540933968</subfield>
  </datafield>
  <datafield tag="035" ind1="0" ind2=" ">
    <subfield code="a">ocn712895855</subfield>
  </datafield>
  <datafield tag="100" ind1="0" ind2=" ">
    <subfield code="a">Tsan-pa-śi-la-ha,</subfield>
    <subfield code="d">active 8th century.</subfield>
  </datafield>
  <datafield tag="245" ind1="1" ind2="0">
    <subfield code="a">Byaṅ khog dmar byaṅ gsal baʼi sgron me daṅ Gso dpyad ñi maʼi ʼod zer /</subfield>
    <subfield code="c">[Pi-ji Tsan-pa Śi-la-has daṅ Śag-ram Ñi-ma-dpal gyis mdzad].</subfield>
  </datafield>
  <datafield tag="250" ind1=" " ind2=" ">
    <subfield code="a">Par theṅs 1.</subfield>
  </datafield>
  <datafield tag="260" ind1=" " ind2=" ">
    <subfield code="a">Si-khron :</subfield>
    <subfield code="b">Si-khron mi rigs dpe skrun khaṅ,</subfield>
    <subfield code="c">2007.</subfield>
  </datafield>
  <datafield tag="300" ind1=" " ind2=" ">
    <subfield code="a">6, 3, 216, 169 p., [3] leaves of plates :</subfield>
    <subfield code="b">col. ill. ;</subfield>
    <subfield code="c">21 cm.</subfield>
  </datafield>
  <datafield tag="490" ind1="1" ind2=" ">
    <subfield code="a">Bod kyi gso rig dpe rñiṅ phyogs sgrig Gaṅs-ri dkar poʼi phreṅ ba ;</subfield>
    <subfield code="v">14</subfield>
  </datafield>
  <datafield tag="546" ind1=" " ind2=" ">
    <subfield code="a">In Tibetan.</subfield>
  </datafield>
  <datafield tag="520" ind1=" " ind2=" ">
    <subfield code="a">Transcription of two treatises on medicine, based on a manuscript from the collection of Mchog-sprul A-dkon Rin-po-che; facsimiles of the manuscript including marginalia are included as an appendix.</subfield>
  </datafield>
  <datafield tag="650" ind1=" " ind2="0">
    <subfield code="a">Medicine, Tibetan</subfield>
    <subfield code="v">Early works to 1800.</subfield>
  </datafield>
  <datafield tag="700" ind1="0" ind2="2">
    <subfield code="a">Ñi-ma-dpal,</subfield>
    <subfield code="c">Śag-ram,</subfield>
    <subfield code="d">active 12th century.</subfield>
    <subfield code="t">Gso dpyad ñi maʼi ʼod zer.</subfield>
  </datafield>
  <datafield tag="830" ind1=" " ind2="0">
    <subfield code="a">Bod kyi gso rig dpe rñiṅ phyogs sgrig Gaṅs ri dkar poʼi phreṅ ba ;</subfield>
    <subfield code="v">14.</subfield>
  </datafield>
</record>