

<record xmlns="http://www.loc.gov/MARC21/slim"
xmlns:xsi="http://www.w3.org/2001/XMLSchema-instance"
xsi:schemaLocation="http://www.loc.gov/MARC21/slim
http://www.loc.gov/standards/marcxml/schema/MARC21slim.xsd">
  <leader>     nam a22     3a 4500</leader>
  <controlfield tag="001">012362884-9</controlfield>
  <controlfield tag="005">20110420164750.0</controlfield>
  <controlfield tag="008">100604s2009    cc           |||||||tibod</controlfield>
  <datafield tag="020" ind1=" " ind2=" ">
    <subfield code="a">9787542116062</subfield>
  </datafield>
  <datafield tag="035" ind1="0" ind2=" ">
    <subfield code="a">ocn714041526</subfield>
  </datafield>
  <datafield tag="041" ind1="1" ind2=" ">
    <subfield code="a">san</subfield>
    <subfield code="a">tib</subfield>
    <subfield code="h">san</subfield>
  </datafield>
  <datafield tag="130" ind1="0" ind2=" ">
    <subfield code="a">Tripiṭaka.</subfield>
    <subfield code="p">Sūtrapiṭaka.</subfield>
    <subfield code="p">Tantra.</subfield>
    <subfield code="p">Guhyasamājatantra.</subfield>
    <subfield code="l">Tibetan &amp; Sanskrit.</subfield>
  </datafield>
  <datafield tag="245" ind1="1" ind2="0">
    <subfield code="a">Dpal Gsaṅ ba ʼdus paʼi rtsa rgyud daṅ Gsaṅ ʼdus rim lṅa Gsang &apos;dus mdor byas bcas :</subfield>
    <subfield code="b">Bod skad-Legs sbyar skad śan sbyar /</subfield>
    <subfield code="c">źus bsgrigs mkhan, Ldan-ma Ātsārya A-rag-bande ʼJam-dbyaṅs-dbaṅ-rgyal.</subfield>
  </datafield>
  <datafield tag="246" ind1="3" ind2="1">
    <subfield code="a">Śrī Guhyasamāja mūla tantra Guhyasamājapañcakrama tathā Guhyasamājapiṇḍī :</subfield>
    <subfield code="b">Tibbtī-Saṃskṛta</subfield>
  </datafield>
  <datafield tag="250" ind1=" " ind2=" ">
    <subfield code="a">Par theṅs 1.</subfield>
  </datafield>
  <datafield tag="260" ind1=" " ind2=" ">
    <subfield code="a">Lan-gruʼu :</subfield>
    <subfield code="b">Kan-suʼu mi rigs dpe skrun khaṅ,</subfield>
    <subfield code="c">2009.</subfield>
  </datafield>
  <datafield tag="300" ind1=" " ind2=" ">
    <subfield code="a">20, 880 p. ;</subfield>
    <subfield code="c">25 cm.</subfield>
  </datafield>
  <datafield tag="520" ind1=" " ind2=" ">
    <subfield code="a">Tibetan and Sanskrit text of the Guhyasamāja tantra with the Pañcakrama and Piṇḍīkṛta; includes verse-indexes.</subfield>
  </datafield>
  <datafield tag="700" ind1="0" ind2="2">
    <subfield code="a">Nāgārjuna,</subfield>
    <subfield code="d">active 8th century.</subfield>
    <subfield code="t">Pañcakrama.</subfield>
    <subfield code="l">Sanskrit &amp; Tibetan.</subfield>
  </datafield>
  <datafield tag="700" ind1="0" ind2="2">
    <subfield code="a">Nāgārjuna,</subfield>
    <subfield code="d">active 8th century.</subfield>
    <subfield code="t">Piṇḍīkrama.</subfield>
    <subfield code="l">Sanskrit &amp; Tibetan.</subfield>
  </datafield>
</record>