

<record xmlns="http://www.loc.gov/MARC21/slim"
xmlns:xsi="http://www.w3.org/2001/XMLSchema-instance"
xsi:schemaLocation="http://www.loc.gov/MARC21/slim
http://www.loc.gov/standards/marcxml/schema/MARC21slim.xsd">
  <leader>     nam a22     3a 4500</leader>
  <controlfield tag="001">012362903-9</controlfield>
  <controlfield tag="005">20110325135040.0</controlfield>
  <controlfield tag="008">100604s2008    cc a          000|0 tibod</controlfield>
  <datafield tag="020" ind1=" " ind2=" ">
    <subfield code="a">9787802530447</subfield>
  </datafield>
  <datafield tag="035" ind1="0" ind2=" ">
    <subfield code="a">ocn710814571</subfield>
  </datafield>
  <datafield tag="245" ind1="0" ind2="0">
    <subfield code="a">Dpal ldan rgyud bźi /</subfield>
    <subfield code="c">Bstan-ʹdzin-don-grub kyis gtso sgrig gnaṅ.</subfield>
  </datafield>
  <datafield tag="246" ind1="1" ind2="3">
    <subfield code="6">880-01</subfield>
    <subfield code="i">Colophon title in Chinese :</subfield>
    <subfield code="a">Si bu yi dian (dui kan ben)</subfield>
  </datafield>
  <datafield tag="250" ind1=" " ind2=" ">
    <subfield code="a">Par theṅs 1.</subfield>
  </datafield>
  <datafield tag="260" ind1=" " ind2=" ">
    <subfield code="c">Pe-cin :</subfield>
    <subfield code="b">Kruṅ go&apos;i bod rig pa dpe skrun khaṅ,</subfield>
    <subfield code="c">2008.</subfield>
  </datafield>
  <datafield tag="300" ind1=" " ind2=" ">
    <subfield code="a">705 p. :</subfield>
    <subfield code="b">ill. ;</subfield>
    <subfield code="c">27 cm.</subfield>
  </datafield>
  <datafield tag="490" ind1="1" ind2=" ">
    <subfield code="6">880-02</subfield>
    <subfield code="a">Rgyal khab kruṅ lugs gso rig do dam cus mi rigs sman gźuṅ dpe sna dga bsgrigs =</subfield>
    <subfield code="a">Guo jia zhong yi yao guan li ju min zu yi yao wen xian zheng li cong shu</subfield>
  </datafield>
  <datafield tag="500" ind1=" " ind2=" ">
    <subfield code="a">&quot;Smad cha.&quot;</subfield>
  </datafield>
  <datafield tag="500" ind1=" " ind2=" ">
    <subfield code="a">&quot;Dpe bsdur ma&quot;--Colophon.</subfield>
  </datafield>
  <datafield tag="700" ind1="0" ind2=" ">
    <subfield code="a">Bstan-ʹdzin-don-grub.</subfield>
  </datafield>
  <datafield tag="880" ind1="1" ind2="3">
    <subfield code="6">246-01</subfield>
    <subfield code="i">Colophon title in Chinese :</subfield>
    <subfield code="a">四部医典 (对勘本)</subfield>
  </datafield>
  <datafield tag="880" ind1="1" ind2=" ">
    <subfield code="6">490-02</subfield>
    <subfield code="a">Rgyal khab kruṅ lugs gso rig do dam cus mi rigs sman gźuṅ dpe sna dga bsgrigs =</subfield>
    <subfield code="a">国家中医药管理局民族医药文献整理丛书</subfield>
  </datafield>
  <datafield tag="830" ind1=" " ind2="0">
    <subfield code="6">880-03</subfield>
    <subfield code="a">Guo jia zhong yi yao guan li ju min zu yi yao wen xian zheng li cong shu</subfield>
  </datafield>
  <datafield tag="880" ind1=" " ind2="0">
    <subfield code="6">830-03</subfield>
    <subfield code="a">国家中医药管理局民族医药文献整理丛书</subfield>
  </datafield>
</record>