

<record xmlns="http://www.loc.gov/MARC21/slim"
xmlns:xsi="http://www.w3.org/2001/XMLSchema-instance"
xsi:schemaLocation="http://www.loc.gov/MARC21/slim
http://www.loc.gov/standards/marcxml/schema/MARC21slim.xsd">
  <leader>     nam a22     3a 4500</leader>
  <controlfield tag="001">012363967-0</controlfield>
  <controlfield tag="005">20110324150206.0</controlfield>
  <controlfield tag="008">100607s199u    cc            000|0 tibod</controlfield>
  <datafield tag="035" ind1="0" ind2=" ">
    <subfield code="a">ocn706788164</subfield>
  </datafield>
  <datafield tag="100" ind1="0" ind2=" ">
    <subfield code="a">Dkon-mchog-bstan-ʼdzin-ʼphrin-las-lhun-ʼgrub,</subfield>
    <subfield code="c">ʼBri-guṅ Skyabs-mgon Che-tshaṅ VII.</subfield>
  </datafield>
  <datafield tag="245" ind1="1" ind2="0">
    <subfield code="a">Bkaʼ-brgyud mgur mtshoʼi go don khog dbub spyi chiṅs rnam par bśad pa skal bzaṅ yid kyi ṅal gso źes bya ba bźugs so.</subfield>
  </datafield>
  <datafield tag="246" ind1="3" ind2=" ">
    <subfield code="a">Skal bzaṅ yid kyi ṅal gso</subfield>
  </datafield>
  <datafield tag="260" ind1=" " ind2=" ">
    <subfield code="a">[Tibet :</subfield>
    <subfield code="b">s.n.,</subfield>
    <subfield code="c">199-?]</subfield>
  </datafield>
  <datafield tag="300" ind1=" " ind2=" ">
    <subfield code="a">508 p. ;</subfield>
    <subfield code="c">8 x 36 cm.</subfield>
  </datafield>
  <datafield tag="546" ind1=" " ind2=" ">
    <subfield code="a">In Tibetan.</subfield>
  </datafield>
  <datafield tag="500" ind1=" " ind2=" ">
    <subfield code="a">Cover title.</subfield>
  </datafield>
  <datafield tag="500" ind1=" " ind2=" ">
    <subfield code="a">&quot;Rgyal ba ʼBri-guṅ-paʼi mtshan gyis byin gyis brlabs pa Dkon-mchog-bstan-ʼdzin Kun-bzaṅ-phrin-las-lhun-grub pas Me Sprul [= 1987] zla 9 tshes 22 la rdzogs par sbyar ste yig mkhan Smon-lam-mthar-phyin-pas bris pa&quot; --p. 507.</subfield>
  </datafield>
  <datafield tag="520" ind1="0" ind2=" ">
    <subfield code="a">Treatise by a 20th-century ʼBri-guṅ-pa lama on the structure and content of Bkaʼ-brgyud-mgur-mtsho, collected spiritual songs of the Bkaʼ-brgyud tradition.</subfield>
  </datafield>
  <datafield tag="650" ind1=" " ind2="0">
    <subfield code="a">ʼBri-guṅ-pa (Sect)</subfield>
  </datafield>
  <datafield tag="650" ind1=" " ind2="0">
    <subfield code="a">Songs, Tibetan.</subfield>
  </datafield>
  <datafield tag="730" ind1="0" ind2="2">
    <subfield code="a">Bkaʼ-brgyud mgur mtsho.</subfield>
  </datafield>
</record>