

<record xmlns="http://www.loc.gov/MARC21/slim"
xmlns:xsi="http://www.w3.org/2001/XMLSchema-instance"
xsi:schemaLocation="http://www.loc.gov/MARC21/slim
http://www.loc.gov/standards/marcxml/schema/MARC21slim.xsd">
  <leader>     nam a22     3a 4500</leader>
  <controlfield tag="001">012363970-0</controlfield>
  <controlfield tag="005">20110309160745.0</controlfield>
  <controlfield tag="008">100607s20uu    cc           |||||||tibod</controlfield>
  <datafield tag="035" ind1="0" ind2=" ">
    <subfield code="a">ocn706788165</subfield>
  </datafield>
  <datafield tag="245" ind1="0" ind2="0">
    <subfield code="a">Bla ma mchod paʼi cho ga daṅ sgron maʼi maṇḍala bźi paʼi cho ga byaṅ chub ltuṅ bśags kyi cho ga sogs bźugs so.</subfield>
  </datafield>
  <datafield tag="260" ind1=" " ind2=" ">
    <subfield code="a">[Tibet :</subfield>
    <subfield code="b">s.n.,</subfield>
    <subfield code="c">20--?]</subfield>
  </datafield>
  <datafield tag="300" ind1=" " ind2=" ">
    <subfield code="a">392 p. ;</subfield>
    <subfield code="c">8 x 39 cm.</subfield>
  </datafield>
  <datafield tag="500" ind1=" " ind2=" ">
    <subfield code="a">Cover title.</subfield>
  </datafield>
  <datafield tag="546" ind1=" " ind2=" ">
    <subfield code="a">In Tibetan.</subfield>
  </datafield>
  <datafield tag="520" ind1=" " ind2=" ">
    <subfield code="a">Collection of eight liturgical texts from the ʼBri-guṅ-bkaʼ-brgyud tradition.</subfield>
  </datafield>
  <datafield tag="505" ind1="0" ind2=" ">
    <subfield code="a">1. Bla ma mchod paʼi cho ga byin rlabs char ʼbebs / [Bstan-ʼdzin-chos-kyi-blo-gros kyis gdan sa chen po dpal ʼBri-guṅ du sbyar baʼo] -- 2. Bla ma mchod paʼi smon lam / [Gam-bcar Gzim-dpon Dge-sloṅ Dkon-mchog-śes-rab kyis bskul ṅor; ʼbri ba na, Dharma-sya-ma-tis bris so] -- 3. ʼPhags ma yid bźin ʼkhor loʼi sgo nas don gñis sgrub pa ʼchi med ʼdod ʼjoʼi brgyud rim dṅos grub kun ʼbyuṅ / [Lho-rje-druṅ Rig-ʼdzin O-rgyan-che-mchog Nus-ldan-rdo-rjes] -- 4. Sṅon ʼgro cha gsum gtor ma / [Rig-ʼdzin Chos-kyi-grags-pas mdzad paʼi bkaʼ brgyad chog bsgrigs ltar ro] -- 5. Bcom-ldan-ʼdas-ma Yid-bźin-ʼkhor-loʼi sgo nas maṇḍala bźi paʼi cho ga don gñis sgrub pa ʼchi med ʼdod ʼjo / [ʼBri-guṅ-pa Śākyaʼi-dge-sloṅ Chos-kyi-grags-pas...sbyar ba] -- 6. Byaṅ chub ltuṅ bśags kyi cho ga śin tu bsdus pa las sgrib rnam sbyoṅ / [ʼBri-guṅ-bkaʼ-brgyud gsuṅ rabs ñams gsoʼi sri źu ba Yo-red-tshaṇ Brtson-ʼgrus-seṅ-ges ʼphags yul rgyal sa Dillir phyi lo 2007 lor par du bźeṅs pa&apos;o] -- 7. Byaṅ chub ltuṅ bśags kyi cho ga la sbyar bar bya baʼi gśin po rjes ʼdzin thar lam gsal sgron / [Źa-lu Blo-gsal-bstan-skyoṅ gsuṅ la ʼJam-mgo-koṅ-sprul gyis kha bskoṅ gnaṅ ba ñid gźir bźag la kha bsgyur bcas; bklag chog grub par bsdebs pa yi ge pa ni, Goṅ-pa Dkon-mchog-phrin-las kyis bgyis pa] -- 8. Mar meʼi smon lam ma rig mun sel / [Śākyaʼi-dge-sloṅ Dkon-mchog-bstan-ʼdzin Kun-bzaṅ-ʼphrin-las-lhun-grub kyis rab gnas sa stag lo ste 1998...bris pa].</subfield>
  </datafield>
  <datafield tag="650" ind1=" " ind2="0">
    <subfield code="a">ʼBri-guṅ-pa (Sect)</subfield>
    <subfield code="v">Prayers and devotions.</subfield>
  </datafield>
  <datafield tag="700" ind1="0" ind2="2">
    <subfield code="a">Nus-ldan-rdo-rje,</subfield>
    <subfield code="c">ʼBri-guṅ Rig-ʼdzin.</subfield>
  </datafield>
  <datafield tag="700" ind1="0" ind2="2">
    <subfield code="a">Chos-kyi-grags-pa,</subfield>
    <subfield code="c">ʼBri-guṅ Rig-ʼdzin,</subfield>
    <subfield code="d">1595-</subfield>
  </datafield>
  <datafield tag="700" ind1="0" ind2="2">
    <subfield code="a">Koṅ-sprul Blo-gros-mthaʼ-yas,</subfield>
    <subfield code="d">1813-1899.</subfield>
  </datafield>
  <datafield tag="700" ind1="0" ind2="2">
    <subfield code="a">Blo-gsal-bstan-skyoṅ,</subfield>
    <subfield code="c">Źwa-lu Ri-sbug-Sprul-sku,</subfield>
    <subfield code="d">1804-</subfield>
  </datafield>
  <datafield tag="700" ind1="0" ind2="2">
    <subfield code="a">Atīśa,</subfield>
    <subfield code="d">982-1054.</subfield>
  </datafield>
</record>