

<record xmlns="http://www.loc.gov/MARC21/slim"
xmlns:xsi="http://www.w3.org/2001/XMLSchema-instance"
xsi:schemaLocation="http://www.loc.gov/MARC21/slim
http://www.loc.gov/standards/marcxml/schema/MARC21slim.xsd">
  <leader>     nam a22     3a 4500</leader>
  <controlfield tag="001">012364032-6</controlfield>
  <controlfield tag="005">20101018143532.0</controlfield>
  <controlfield tag="008">100607s2009    cc           |||||||tibod</controlfield>
  <datafield tag="020" ind1=" " ind2=" ">
    <subfield code="a">9787105103331</subfield>
  </datafield>
  <datafield tag="035" ind1="0" ind2=" ">
    <subfield code="a">ocn669132774</subfield>
  </datafield>
  <datafield tag="245" ind1="0" ind2="0">
    <subfield code="a">Gliṅ Ge-sar rgyal poʼi rnam thar srid gliṅ dpag bsam ljon shiṅ leʼu gsum pa las ʼdir leʼu daṅ po Gliṅ dkar rgyal &apos;baṅs chags tshul daṅ skyes bu Don-ʼgrub sku ʼkhruṅs shiṅ Gliṅ gi bdud phran mthaʼ dag btul zhiṅ dṅos grub g&apos;yaṅ źal phye baʼi leʼu ṅo mtshar thos pa raṅ grol źes bya ba bźugs so /</subfield>
    <subfield code="c">Si khron źiṅ chen Ge-sar las don ʼgo khrid tsho chuṅ gźuṅ las khaṅ.</subfield>
  </datafield>
  <datafield tag="246" ind1="1" ind2="4">
    <subfield code="a">Gliṅ rgyal ʼbaṅs chags tshul</subfield>
  </datafield>
  <datafield tag="250" ind1=" " ind2=" ">
    <subfield code="a">Par theṅs 1.</subfield>
  </datafield>
  <datafield tag="260" ind1=" " ind2=" ">
    <subfield code="a">[Pe cin] :</subfield>
    <subfield code="b">Mi rigs dpe skrun khaṅ,</subfield>
    <subfield code="c">[2009]</subfield>
  </datafield>
  <datafield tag="300" ind1=" " ind2=" ">
    <subfield code="a">298 p. ;</subfield>
    <subfield code="c">21 cm.</subfield>
  </datafield>
  <datafield tag="490" ind1="0" ind2=" ">
    <subfield code="a">Si khron źiṅ chen Ge-sar gźuṅ las khaṅ gi Ge Sgruṅ dpe tshogs ;</subfield>
    <subfield code="v">7</subfield>
  </datafield>
  <datafield tag="520" ind1=" " ind2=" ">
    <subfield code="a">Episodes from the third chapter of a biography of legendary king Ge-sar of Gliṅ, involving the development of the Gliṅ kingdom, the birth of Ge-sar and his early conquests and achievements.</subfield>
  </datafield>
  <datafield tag="650" ind1=" " ind2="0">
    <subfield code="a">Gesar (Legendary character)</subfield>
  </datafield>
  <datafield tag="650" ind1=" " ind2="0">
    <subfield code="a">Epic literature, Tibetan.</subfield>
  </datafield>
  <datafield tag="730" ind1="0" ind2="2">
    <subfield code="a">Gesar.</subfield>
    <subfield code="k">Selections.</subfield>
    <subfield code="f">2009.</subfield>
  </datafield>
</record>