

<record xmlns="http://www.loc.gov/MARC21/slim"
xmlns:xsi="http://www.w3.org/2001/XMLSchema-instance"
xsi:schemaLocation="http://www.loc.gov/MARC21/slim
http://www.loc.gov/standards/marcxml/schema/MARC21slim.xsd">
  <leader>     nam a22     3a 4500</leader>
  <controlfield tag="001">012364233-7</controlfield>
  <controlfield tag="005">20101101142345.0</controlfield>
  <controlfield tag="008">100607s2002    cc           |||||||tibod</controlfield>
  <datafield tag="035" ind1="0" ind2=" ">
    <subfield code="a">ocn680431569</subfield>
  </datafield>
  <datafield tag="245" ind1="0" ind2="0">
    <subfield code="a">Hphi-hri ri ʼdabs kyi ʼkhreṅ sems /</subfield>
    <subfield code="c">Gʹyu-ʼbrug gis brtsams.</subfield>
  </datafield>
  <datafield tag="246" ind1="3" ind2=" ">
    <subfield code="a">Hphu-hri ri ʼdabs kyi ʼkhreṅ sems</subfield>
  </datafield>
  <datafield tag="246" ind1="1" ind2=" ">
    <subfield code="i">Cover has added title :</subfield>
    <subfield code="a">A leave of love</subfield>
  </datafield>
  <datafield tag="260" ind1=" " ind2=" ">
    <subfield code="a">[Qinghai] :</subfield>
    <subfield code="b">Mtsho-sṅon mi rigs slob grwa chen mo,</subfield>
    <subfield code="c">[2002]</subfield>
  </datafield>
  <datafield tag="300" ind1=" " ind2=" ">
    <subfield code="a">2, 102 p. ;</subfield>
    <subfield code="c">19 cm.</subfield>
  </datafield>
  <datafield tag="520" ind1=" " ind2=" ">
    <subfield code="a">Tibetan poems based on author&apos;s stay in Tokyo.</subfield>
  </datafield>
  <datafield tag="650" ind1=" " ind2="0">
    <subfield code="a">Tibetan poetry</subfield>
    <subfield code="y">20th century.</subfield>
  </datafield>
</record>