

<record xmlns="http://www.loc.gov/MARC21/slim"
xmlns:xsi="http://www.w3.org/2001/XMLSchema-instance"
xsi:schemaLocation="http://www.loc.gov/MARC21/slim
http://www.loc.gov/standards/marcxml/schema/MARC21slim.xsd">
  <leader>     nam a22     3a 4500</leader>
  <controlfield tag="001">012364296-5</controlfield>
  <controlfield tag="005">20110201170916.0</controlfield>
  <controlfield tag="008">100607s2009    cc af        |||||||tibod</controlfield>
  <datafield tag="020" ind1=" " ind2=" ">
    <subfield code="a">9787802531499</subfield>
  </datafield>
  <datafield tag="035" ind1="0" ind2=" ">
    <subfield code="a">ocn682601237</subfield>
  </datafield>
  <datafield tag="043" ind1=" " ind2=" ">
    <subfield code="a">a-cc---</subfield>
  </datafield>
  <datafield tag="100" ind1="0" ind2=" ">
    <subfield code="a">ʼChi-med-rdo-rje,</subfield>
    <subfield code="c">Lha-luṅ,</subfield>
    <subfield code="d">1965-</subfield>
  </datafield>
  <datafield tag="245" ind1="1" ind2="0">
    <subfield code="a">Khams Sde-dge rgyal poʼi srid don lo rgyus bźugs so /</subfield>
    <subfield code="c">Lha-luṅ ʼChi-med-rdo-rje daṅ Zla-gʹyuṅ gñis kyis brtsams.</subfield>
  </datafield>
  <datafield tag="250" ind1=" " ind2=" ">
    <subfield code="a">Par theṅs 1.</subfield>
  </datafield>
  <datafield tag="260" ind1=" " ind2=" ">
    <subfield code="a">Beijing :</subfield>
    <subfield code="b">Kruṅ-goʼi Bod rig pa dpe skrun khaṅ,</subfield>
    <subfield code="c">2009.</subfield>
  </datafield>
  <datafield tag="300" ind1=" " ind2=" ">
    <subfield code="a">5, 12, 286 p., [6] p. of plates :</subfield>
    <subfield code="b">ill. ;</subfield>
    <subfield code="c">21 cm.</subfield>
  </datafield>
  <datafield tag="546" ind1=" " ind2=" ">
    <subfield code="a">In Tibetan.</subfield>
  </datafield>
  <datafield tag="520" ind1=" " ind2=" ">
    <subfield code="a">Political history of Sde-dge kingdom in Khams, Eastern Tibet.</subfield>
  </datafield>
  <datafield tag="651" ind1=" " ind2="0">
    <subfield code="a">Dege Xian (China)</subfield>
    <subfield code="x">History.</subfield>
  </datafield>
  <datafield tag="700" ind1="0" ind2=" ">
    <subfield code="a">Zla-gʹyaṅs,</subfield>
    <subfield code="d">1966-</subfield>
  </datafield>
</record>