

<record xmlns="http://www.loc.gov/MARC21/slim"
xmlns:xsi="http://www.w3.org/2001/XMLSchema-instance"
xsi:schemaLocation="http://www.loc.gov/MARC21/slim
http://www.loc.gov/standards/marcxml/schema/MARC21slim.xsd">
  <leader>     nam a22     3a 4500</leader>
  <controlfield tag="001">012364460-7</controlfield>
  <controlfield tag="005">20110201162258.0</controlfield>
  <controlfield tag="008">100607s2008    cc           |||||||tibod</controlfield>
  <datafield tag="020" ind1=" " ind2=" ">
    <subfield code="a">9787802530485</subfield>
  </datafield>
  <datafield tag="035" ind1="0" ind2=" ">
    <subfield code="a">ocn682604812</subfield>
  </datafield>
  <datafield tag="043" ind1=" " ind2=" ">
    <subfield code="a">a-cc---</subfield>
  </datafield>
  <datafield tag="050" ind1="0" ind2="0">
    <subfield code="a">DS785</subfield>
    <subfield code="b">.T7353 2008</subfield>
  </datafield>
  <datafield tag="245" ind1="0" ind2="0">
    <subfield code="a">Lo rgyus kyi ñams dpyod mkhan po :</subfield>
    <subfield code="b">mkhas dbang Chab-spel Tshe-brtan-phun-tshogs lags la bcar ʼdri źus paʼi zin tho /</subfield>
    <subfield code="c">Chab-spel rig gźuṅ bsam bloʼi źib ʼjug tshogs chuṅ gis bsgrigs.</subfield>
  </datafield>
  <datafield tag="250" ind1=" " ind2=" ">
    <subfield code="a">Par theṅs 1.</subfield>
  </datafield>
  <datafield tag="260" ind1=" " ind2=" ">
    <subfield code="a">Pe-cin :</subfield>
    <subfield code="b">Kruṅ-goʼi Bod rig pa dpe skrun khaṅ :</subfield>
    <subfield code="b">Bod ljoṅs Bod yig dpe rñiṅ dpe skrun khaṅ,</subfield>
    <subfield code="c">2008.</subfield>
  </datafield>
  <datafield tag="300" ind1=" " ind2=" ">
    <subfield code="a">3, 1, 13, 210 p. ;</subfield>
    <subfield code="c">21 cm.</subfield>
  </datafield>
  <datafield tag="490" ind1="1" ind2=" ">
    <subfield code="a">Chab-spel gyi gsuṅ rtsom daṅ rig gźuṅ bsam bloʼi źib ʼjug dpe tshogs =</subfield>
    <subfield code="a">恰白作品与学术思想研究丛书 ;</subfield>
    <subfield code="v">8</subfield>
  </datafield>
  <datafield tag="520" ind1=" " ind2=" ">
    <subfield code="a">Interviews with modern Tibetan historian Chab-spel Tshe-brtan-phun-tshogs (b. 1922).</subfield>
  </datafield>
  <datafield tag="650" ind1=" " ind2="0">
    <subfield code="a">Tibetan literature</subfield>
    <subfield code="x">History and criticism.</subfield>
  </datafield>
  <datafield tag="651" ind1=" " ind2="0">
    <subfield code="a">Tibet Autonomous Region (China)</subfield>
    <subfield code="x">History.</subfield>
  </datafield>
  <datafield tag="700" ind1="0" ind2="2">
    <subfield code="a">Tshe-brtan-phun-tshogs,</subfield>
    <subfield code="c">Chab-spel.</subfield>
  </datafield>
  <datafield tag="830" ind1=" " ind2="0">
    <subfield code="a">Chab-spel gyi gsuṅ rtsom daṅ rig gźuṅ bsam bloʼi źib ʼjug dpe tshogs ;</subfield>
    <subfield code="v">8.</subfield>
  </datafield>
</record>