

<record xmlns="http://www.loc.gov/MARC21/slim"
xmlns:xsi="http://www.w3.org/2001/XMLSchema-instance"
xsi:schemaLocation="http://www.loc.gov/MARC21/slim
http://www.loc.gov/standards/marcxml/schema/MARC21slim.xsd">
  <leader>     nam a22     3a 4500</leader>
  <controlfield tag="001">012364478-X</controlfield>
  <controlfield tag="005">20101101122417.0</controlfield>
  <controlfield tag="008">100607s2008    cc           |||||||tibod</controlfield>
  <datafield tag="020" ind1=" " ind2=" ">
    <subfield code="a">9787540940409</subfield>
  </datafield>
  <datafield tag="035" ind1="0" ind2=" ">
    <subfield code="a">ocn680431575</subfield>
  </datafield>
  <datafield tag="100" ind1="0" ind2=" ">
    <subfield code="a">Blo-gros-rgyal-mtshan,</subfield>
    <subfield code="c">ʼA-źa,</subfield>
    <subfield code="d">1198-1263.</subfield>
    <subfield code="t">Mdzod ʼgrel.</subfield>
  </datafield>
  <datafield tag="245" ind1="1" ind2="0">
    <subfield code="a">Luṅ mtshan ñid srid paʼi mdzod phugs kyi ʼgrel ba /</subfield>
    <subfield code="c">ʼA-źa Blo-gros-rgyal-mtshan ; [rtsom sgrig ʼgan ʼkhur ba, A-sṅags Tshe-riṅ-bkra-śis, Gñan-mo-ʼgrub].</subfield>
  </datafield>
  <datafield tag="250" ind1=" " ind2=" ">
    <subfield code="a">Par theṅs 1.</subfield>
  </datafield>
  <datafield tag="260" ind1=" " ind2=" ">
    <subfield code="a">Chengdu :</subfield>
    <subfield code="b">Si-khron dpe skrun tshogs pa :</subfield>
    <subfield code="b">Si-khron mi rigs dpe skrun khaṅ,</subfield>
    <subfield code="c">2008.</subfield>
  </datafield>
  <datafield tag="300" ind1=" " ind2=" ">
    <subfield code="a">4, 15, 388 p. ;</subfield>
    <subfield code="c">24 cm.</subfield>
  </datafield>
  <datafield tag="490" ind1="0" ind2=" ">
    <subfield code="a">Saṅs rgyas gʹyuṅ druṅ bon gyi dpe tshogs ;</subfield>
    <subfield code="v">9</subfield>
  </datafield>
  <datafield tag="546" ind1=" " ind2=" ">
    <subfield code="a">In Tibetan.</subfield>
  </datafield>
  <datafield tag="520" ind1=" " ind2=" ">
    <subfield code="a">Commentary on the Mdzod-phugs, canonical work on Bon Abhidharma.</subfield>
  </datafield>
  <datafield tag="650" ind1=" " ind2="0">
    <subfield code="a">Bon Abhidharma.</subfield>
  </datafield>
  <datafield tag="650" ind1=" " ind2="0">
    <subfield code="a">Bon (Tibetan religion)</subfield>
    <subfield code="x">Doctrines.</subfield>
  </datafield>
</record>