

<record xmlns="http://www.loc.gov/MARC21/slim"
xmlns:xsi="http://www.w3.org/2001/XMLSchema-instance"
xsi:schemaLocation="http://www.loc.gov/MARC21/slim
http://www.loc.gov/standards/marcxml/schema/MARC21slim.xsd">
  <leader>     nam a22     3a 4500</leader>
  <controlfield tag="001">012364607-3</controlfield>
  <controlfield tag="005">20110323155807.0</controlfield>
  <controlfield tag="008">100607s20uu    cc           |||||||tibod</controlfield>
  <datafield tag="035" ind1="0" ind2=" ">
    <subfield code="a">ocn712138686</subfield>
  </datafield>
  <datafield tag="100" ind1="0" ind2=" ">
    <subfield code="a">Dkon-mchog-ʼphrin-las-rnam-rgyal.</subfield>
  </datafield>
  <datafield tag="245" ind1="1" ind2="0">
    <subfield code="a">Phyag rgya chen po lṅa ldan gyi khrid kyi zin bris Rdo-rje-ʼchaṅ Dharma-kīrtiʼi źal luṅ źes bya ba bźugs so.</subfield>
  </datafield>
  <datafield tag="260" ind1=" " ind2=" ">
    <subfield code="a">[Tibet :</subfield>
    <subfield code="b">s.n.,</subfield>
    <subfield code="c">20??]</subfield>
  </datafield>
  <datafield tag="300" ind1=" " ind2=" ">
    <subfield code="a">497 p. ;</subfield>
    <subfield code="c">8 x 39 cm.</subfield>
  </datafield>
  <datafield tag="546" ind1=" " ind2=" ">
    <subfield code="a">In Tibetan.</subfield>
  </datafield>
  <datafield tag="500" ind1=" " ind2=" ">
    <subfield code="a">Cover title.</subfield>
  </datafield>
  <datafield tag="505" ind1="0" ind2=" ">
    <subfield code="a">Phyag rgya chen po lṅa ldan gyi khrid kyi zin bris Rdo-rje-ʼchaṅ Dharma-kīrtiʼi źal luṅ / [Dkon-mchog-ʼphrin-las-rnam-rgyal-rig-ʼdzin-dpal-bzaṅ-pos...sbyar] -- Zab lam Nā-roʼi chos drug gi khrid kyi lag len gsal bar bśad pa Nā-ro źabs kyi źal gyi luṅ bzaṅ po /[Chos-kyi-grags-pa-phrin-las-rnam-par-rgyal-baʼi sdes...sbyar ba].</subfield>
  </datafield>
  <datafield tag="520" ind1=" " ind2=" ">
    <subfield code="a">Two texts from the ʼBri-guṅ-pa tradition on Mahāmudrā and the Nā-ro chos drug.</subfield>
  </datafield>
  <datafield tag="600" ind1="0" ind2="0">
    <subfield code="a">Nāḍapāda.</subfield>
  </datafield>
  <datafield tag="650" ind1=" " ind2="0">
    <subfield code="a">Mahāmudrā (Tantric rite)</subfield>
  </datafield>
  <datafield tag="650" ind1=" " ind2="0">
    <subfield code="a">ʼBri-guṅ-pa (Sect)</subfield>
    <subfield code="x">Rituals</subfield>
    <subfield code="v">Texts.</subfield>
  </datafield>
  <datafield tag="650" ind1=" " ind2="0">
    <subfield code="a">Yoga</subfield>
    <subfield code="x">Tantric Buddhism</subfield>
    <subfield code="v">Early works to 1800.</subfield>
  </datafield>
  <datafield tag="700" ind1="0" ind2="2">
    <subfield code="a">Chos-kyi-grags-pa,</subfield>
    <subfield code="c">ʼBri-guṅ Rig-ʼdzin,</subfield>
    <subfield code="d">1595-</subfield>
  </datafield>
</record>