

<record xmlns="http://www.loc.gov/MARC21/slim"
xmlns:xsi="http://www.w3.org/2001/XMLSchema-instance"
xsi:schemaLocation="http://www.loc.gov/MARC21/slim
http://www.loc.gov/standards/marcxml/schema/MARC21slim.xsd">
  <leader>     nam a22     3a 4500</leader>
  <controlfield tag="001">012364667-7</controlfield>
  <controlfield tag="005">20110302161147.0</controlfield>
  <controlfield tag="008">100607s2009    cc ab        |||||||tibod</controlfield>
  <datafield tag="035" ind1="0" ind2=" ">
    <subfield code="a">ocn702926426</subfield>
  </datafield>
  <datafield tag="041" ind1=" " ind2=" ">
    <subfield code="a">tib</subfield>
    <subfield code="a">chi</subfield>
  </datafield>
  <datafield tag="043" ind1=" " ind2=" ">
    <subfield code="a">a-cc---</subfield>
  </datafield>
  <datafield tag="245" ind1="0" ind2="0">
    <subfield code="a">Rgya Bod śan sbyar gyi Ñiṅ-khriʼi sa miṅ chen mo /</subfield>
    <subfield code="c">[blo ʼdri źu yul, Uʼu-hrin-meʼo; rtsom sgrig pa, Ñi-ma].</subfield>
  </datafield>
  <datafield tag="260" ind1=" " ind2=" ">
    <subfield code="a">[Linzhi Diqu (China)] :</subfield>
    <subfield code="b">Kruṅ-guṅ Ñiṅ-khri sa ud dril bsgrags puʼu,</subfield>
    <subfield code="c">[2009]</subfield>
  </datafield>
  <datafield tag="300" ind1=" " ind2=" ">
    <subfield code="a">3, 148 p. :</subfield>
    <subfield code="b">ill., maps ;</subfield>
    <subfield code="c">20 cm.</subfield>
  </datafield>
  <datafield tag="520" ind1=" " ind2=" ">
    <subfield code="a">Atlas for the Ñiṅ-khri or Linzhi prefecture of the Tibetan Autonomous Region, with corresponding Tibetan and Chinese names and descriptions of counties, physical features, monasteries, and roads.</subfield>
  </datafield>
  <datafield tag="651" ind1=" " ind2="0">
    <subfield code="a">Linzhi Diqu (China)</subfield>
  </datafield>
</record>