

<record xmlns="http://www.loc.gov/MARC21/slim"
xmlns:xsi="http://www.w3.org/2001/XMLSchema-instance"
xsi:schemaLocation="http://www.loc.gov/MARC21/slim
http://www.loc.gov/standards/marcxml/schema/MARC21slim.xsd">
  <leader>     cam a2200385Ia 4500</leader>
  <controlfield tag="001">012364705-3</controlfield>
  <controlfield tag="005">20110208161630.0</controlfield>
  <controlfield tag="008">101213s2009    cc       b    000 0dtib d</controlfield>
  <datafield tag="020" ind1=" " ind2=" ">
    <subfield code="a">9787802531444</subfield>
  </datafield>
  <datafield tag="020" ind1=" " ind2=" ">
    <subfield code="a">7802531446</subfield>
  </datafield>
  <datafield tag="035" ind1="0" ind2=" ">
    <subfield code="a">ocn692186511</subfield>
  </datafield>
  <datafield tag="040" ind1=" " ind2=" ">
    <subfield code="a">ZCU</subfield>
    <subfield code="c">ZCU</subfield>
    <subfield code="d">ZCU</subfield>
  </datafield>
  <datafield tag="041" ind1="1" ind2=" ">
    <subfield code="a">tib</subfield>
    <subfield code="h">chi</subfield>
  </datafield>
  <datafield tag="043" ind1=" " ind2=" ">
    <subfield code="a">a-cc-ti</subfield>
  </datafield>
  <datafield tag="050" ind1=" " ind2="4">
    <subfield code="a">DS786</subfield>
    <subfield code="b">.R735 2009</subfield>
  </datafield>
  <datafield tag="245" ind1="0" ind2="0">
    <subfield code="a">Rtsod spoṅs lo rgyus smra baʼi rnam dpyod :</subfield>
    <subfield code="b">Chab-spel Tshe-brtan-phun-tshogs kyi rig gźuṅ bsam bloʼi źib ʼjug skor gyi dpyad rtsom phyogs bsgrigs /</subfield>
    <subfield code="c">Chab-spel rig gźuṅ bsam bloʼ źib ʼjug tshogs chuṅ gis bsgrigs.</subfield>
  </datafield>
  <datafield tag="246" ind1="1" ind2=" ">
    <subfield code="6">880-01</subfield>
    <subfield code="i">Chinese colophon title:</subfield>
    <subfield code="a">Pi pan shen xue de shi xue jia :</subfield>
    <subfield code="b">Qiabai Cidanpingcuo xue shu si xiang yan jiu ping lun ji</subfield>
  </datafield>
  <datafield tag="250" ind1=" " ind2=" ">
    <subfield code="a">Par gźi 1.</subfield>
  </datafield>
  <datafield tag="260" ind1=" " ind2=" ">
    <subfield code="a">Pe-cin :</subfield>
    <subfield code="b">Kruṅ-goʼi Bod rig pa dpe skrun khaṅ :</subfield>
    <subfield code="a">[Lhasa] : Bod ljoṅs Bod yig dpe rñiṅ dpe skrun khaṅ,</subfield>
    <subfield code="c">2009.</subfield>
  </datafield>
  <datafield tag="300" ind1=" " ind2=" ">
    <subfield code="a">12, 3, 288 p. ;</subfield>
    <subfield code="c">21 cm.</subfield>
  </datafield>
  <datafield tag="490" ind1="1" ind2=" ">
    <subfield code="6">880-02</subfield>
    <subfield code="a">Chab-spel gyi gsuṅ rtsom daṅ rig gźuṅ bsam bloʼi źib ʼjug dpe tshogs =</subfield>
    <subfield code="a">Qiabai zuo pin yu xue shu si xiang yan jiu cong shu ;</subfield>
    <subfield code="v">7</subfield>
  </datafield>
  <datafield tag="546" ind1=" " ind2=" ">
    <subfield code="a">In Tibetan; some articles translated from Chinese.</subfield>
  </datafield>
  <datafield tag="520" ind1=" " ind2=" ">
    <subfield code="a">Contributed articles by leading Chinese and Tibetan scholars regarding the life and work of the modern Tibetan historian Chab-spel Tshe-brtan-phun-tshogs (b. 1922).</subfield>
  </datafield>
  <datafield tag="651" ind1=" " ind2="0">
    <subfield code="a">Tibet Autonomous Region (China)</subfield>
    <subfield code="x">History.</subfield>
  </datafield>
  <datafield tag="650" ind1=" " ind2="0">
    <subfield code="a">Tibetan literature</subfield>
    <subfield code="x">History and criticism.</subfield>
  </datafield>
  <datafield tag="700" ind1="0" ind2=" ">
    <subfield code="a">Tshe-brtan-phun-tshogs,</subfield>
    <subfield code="c">Chab-spel.</subfield>
  </datafield>
  <datafield tag="787" ind1="0" ind2=" ">
    <subfield code="6">880-03</subfield>
    <subfield code="t">Tan jiu Xizang li shi de xian dai ren</subfield>
    <subfield code="w">(OCoLC)692198244</subfield>
  </datafield>
  <datafield tag="880" ind1="1" ind2=" ">
    <subfield code="6">246-01</subfield>
    <subfield code="i">Chinese colophon title:</subfield>
    <subfield code="a">批判神学的史学家 :</subfield>
    <subfield code="b">恰白次旦平措学术思想研究评论集</subfield>
  </datafield>
  <datafield tag="880" ind1="1" ind2=" ">
    <subfield code="6">490-02</subfield>
    <subfield code="a">Chab-spel gyi gsuṅ rtsom daṅ rig gźuṅ bsam bloʼi źib ʼjug dpe tshogs =</subfield>
    <subfield code="a">恰白作品与学术思想研究丛书 ;</subfield>
    <subfield code="v">7</subfield>
  </datafield>
  <datafield tag="880" ind1="0" ind2=" ">
    <subfield code="6">787-03</subfield>
    <subfield code="t">探究西藏历史的现代人</subfield>
    <subfield code="w">(OCoLC)692198244</subfield>
  </datafield>
  <datafield tag="830" ind1=" " ind2="0">
    <subfield code="a">Chab-spel gyi gsuṅ rtsom daṅ rig gźuṅ bsam bloʼi źib ʼjug dpe tshogs ;</subfield>
    <subfield code="v">7.</subfield>
  </datafield>
  <datafield tag="049" ind1=" " ind2=" ">
    <subfield code="a">HLSS</subfield>
  </datafield>
</record>