

<record xmlns="http://www.loc.gov/MARC21/slim"
xmlns:xsi="http://www.w3.org/2001/XMLSchema-instance"
xsi:schemaLocation="http://www.loc.gov/MARC21/slim
http://www.loc.gov/standards/marcxml/schema/MARC21slim.xsd">
  <leader>     nam a22     3a 4500</leader>
  <controlfield tag="001">012364736-3</controlfield>
  <controlfield tag="005">20110222164708.0</controlfield>
  <controlfield tag="008">100607s2009    cc           |||||||tibod</controlfield>
  <datafield tag="035" ind1="0" ind2=" ">
    <subfield code="a">ocn704102881</subfield>
  </datafield>
  <datafield tag="100" ind1="0" ind2=" ">
    <subfield code="a">Mṅaʼ-ris Paṇ-chen Padma-dbaṅ-rgyal,</subfield>
    <subfield code="d">1487 or 1488-1542 or 1543.</subfield>
  </datafield>
  <datafield tag="245" ind1="1" ind2="0">
    <subfield code="a">Sdom pa gsum rnam par ṅes pa daṅ deʼi ʼgrel pa Dpag bsam sñe ma źes bya ba bźugs so /</subfield>
    <subfield code="c">Mṅaʼ-ris Paṇḍi ta Padma-dbaṅ-gi-rgyal-po daṅ Lo-chen Dharma-śrīs mdzad.</subfield>
  </datafield>
  <datafield tag="246" ind1="1" ind2="3">
    <subfield code="a">Sdom gsum rnam par ṅes pa</subfield>
  </datafield>
  <datafield tag="260" ind1=" " ind2=" ">
    <subfield code="a">[Tibet] :</subfield>
    <subfield code="b">Gaṅs Ti-se śes rig spar khaṅ,</subfield>
    <subfield code="c">[2009]</subfield>
  </datafield>
  <datafield tag="300" ind1=" " ind2=" ">
    <subfield code="a">3, 421 p. ;</subfield>
    <subfield code="c">26 cm.</subfield>
  </datafield>
  <datafield tag="546" ind1=" " ind2=" ">
    <subfield code="a">In Tibetan.</subfield>
  </datafield>
  <datafield tag="520" ind1=" " ind2=" ">
    <subfield code="a">Rdzogs-chen text on the three vow system (sdom gsum) with commentary by Lo-chen Dharma-śrī.</subfield>
  </datafield>
  <datafield tag="500" ind1=" " ind2=" ">
    <subfield code="a">&quot;Da cha par źig byuṅ na don gñer mthaʼ dag gis Kun-dgaʼ-tshul-khrims-rgya-mtshos ʼbad rtsol chen pos par du bsgrubs paʼi sñiṅ stobs ʼkhur du bzuṅ baʼi tshe par byaṅ du rig pa ʼdzin pa ʼGyur-med-rdo-rjes Sa Mo Glaṅ gi lo [i.e. 2009] la bkod pa bde legs su gyur cig.&quot;--P. 421.</subfield>
  </datafield>
  <datafield tag="650" ind1=" " ind2="0">
    <subfield code="a">Trisaṃvara (Buddhism)</subfield>
  </datafield>
  <datafield tag="650" ind1=" " ind2="0">
    <subfield code="a">Rdzogs-chen.</subfield>
  </datafield>
  <datafield tag="650" ind1=" " ind2="0">
    <subfield code="a">Buddhism</subfield>
    <subfield code="x">Discipline.</subfield>
  </datafield>
  <datafield tag="700" ind1="0" ind2="2">
    <subfield code="a">Smin-gliṅ Lo-chen Dharma-śrī,</subfield>
    <subfield code="d">1654-1717.</subfield>
    <subfield code="t">Sdom pa gsum rnam par ṅes paʼi ʼgrel pa legs bśad ṅo mtshar dpag bsam gyi sñe ma.</subfield>
  </datafield>
</record>