

<record xmlns="http://www.loc.gov/MARC21/slim"
xmlns:xsi="http://www.w3.org/2001/XMLSchema-instance"
xsi:schemaLocation="http://www.loc.gov/MARC21/slim
http://www.loc.gov/standards/marcxml/schema/MARC21slim.xsd">
  <leader>     nam a22     3a 4500</leader>
  <controlfield tag="001">012364746-0</controlfield>
  <controlfield tag="005">20110222160542.0</controlfield>
  <controlfield tag="008">100607s2009    cc           |||||||tibod</controlfield>
  <datafield tag="020" ind1=" " ind2=" ">
    <subfield code="a">9787542115911</subfield>
  </datafield>
  <datafield tag="035" ind1="0" ind2=" ">
    <subfield code="a">ocn704102890</subfield>
  </datafield>
  <datafield tag="100" ind1="0" ind2=" ">
    <subfield code="a">Duṅ,</subfield>
    <subfield code="d">1970-</subfield>
  </datafield>
  <datafield tag="245" ind1="1" ind2="0">
    <subfield code="a">Sems kyi gśis ka /</subfield>
    <subfield code="c">Duṅ gis brtsams.</subfield>
  </datafield>
  <datafield tag="250" ind1=" " ind2=" ">
    <subfield code="a">Par theṅs 1.</subfield>
  </datafield>
  <datafield tag="260" ind1=" " ind2=" ">
    <subfield code="a">Kan-su :</subfield>
    <subfield code="b">Kan-suʼu mi rigs dpe skrun khaṅ,</subfield>
    <subfield code="c">2009.</subfield>
  </datafield>
  <datafield tag="300" ind1=" " ind2=" ">
    <subfield code="a">3, 171 p. ;</subfield>
    <subfield code="c">24 cm.</subfield>
  </datafield>
  <datafield tag="490" ind1="0" ind2=" ">
    <subfield code="a">Duṅ gi ʼbol rtsom deb ;</subfield>
    <subfield code="v">1</subfield>
  </datafield>
  <datafield tag="546" ind1=" " ind2=" ">
    <subfield code="a">In Tibetan.</subfield>
  </datafield>
  <datafield tag="520" ind1=" " ind2=" ">
    <subfield code="a">Author&apos;s reflections on life, self, family, and country.</subfield>
  </datafield>
  <datafield tag="500" ind1=" " ind2=" ">
    <subfield code="a">&quot;Skye miṅ Lha-mo-skyabs, pir miṅ Duṅ. Lo rabs bdun bcu par Mdo-smad Rma-chuʼi rtswa thaṅ du skyes&quot;--Cover flap.</subfield>
  </datafield>
</record>