

<record xmlns="http://www.loc.gov/MARC21/slim"
xmlns:xsi="http://www.w3.org/2001/XMLSchema-instance"
xsi:schemaLocation="http://www.loc.gov/MARC21/slim
http://www.loc.gov/standards/marcxml/schema/MARC21slim.xsd">
  <leader>     nam a22     3a 4500</leader>
  <controlfield tag="001">012364771-1</controlfield>
  <controlfield tag="005">20110302160355.0</controlfield>
  <controlfield tag="008">100607s2002    cc           |||||||tibod</controlfield>
  <datafield tag="020" ind1=" " ind2=" ">
    <subfield code="a">7105052937</subfield>
  </datafield>
  <datafield tag="020" ind1=" " ind2=" ">
    <subfield code="a">9787105052936</subfield>
  </datafield>
  <datafield tag="035" ind1="0" ind2=" ">
    <subfield code="a">ocn704102901</subfield>
  </datafield>
  <datafield tag="100" ind1="1" ind2=" ">
    <subfield code="a">Jiang, Zemin,</subfield>
    <subfield code="d">1926-</subfield>
  </datafield>
  <datafield tag="245" ind1="1" ind2="0">
    <subfield code="a">Sgo kun nas ʼbyor ʼbriṅ spyi tshogs ʼdzugs skrun byas te Kruṅ-goʼi khyad chos ldan paʼi spyi tshogs riṅ lugs bya gzhag gi rnam pa gsar pa gtod dgos :</subfield>
    <subfield code="b">Kruṅ-goʼi Guṅ-khran-taṅ gi rgyal yoṅs ʼthus miʼi tshogs chen theṅs bcu drug paʼi thog gi sñan źu (2002 loʼi zla 11 tshes 8 ñin) /</subfield>
    <subfield code="c">Caṅ Tse-rmin.</subfield>
  </datafield>
  <datafield tag="250" ind1=" " ind2=" ">
    <subfield code="a">Par theṅs 1.</subfield>
  </datafield>
  <datafield tag="260" ind1=" " ind2=" ">
    <subfield code="a">Pe-cin :</subfield>
    <subfield code="b">Mi rigs dpe skrun khaṅ,</subfield>
    <subfield code="c">2002.</subfield>
  </datafield>
  <datafield tag="300" ind1=" " ind2=" ">
    <subfield code="a">97 p. ;</subfield>
    <subfield code="c">21 cm.</subfield>
  </datafield>
  <datafield tag="546" ind1=" " ind2=" ">
    <subfield code="a">In Tibetan.</subfield>
  </datafield>
  <datafield tag="520" ind1=" " ind2=" ">
    <subfield code="a">Report delivered at the 16th national congress of the Chinese Communist Party, November 8th, 2002.</subfield>
  </datafield>
</record>