

<record xmlns="http://www.loc.gov/MARC21/slim"
xmlns:xsi="http://www.w3.org/2001/XMLSchema-instance"
xsi:schemaLocation="http://www.loc.gov/MARC21/slim
http://www.loc.gov/standards/marcxml/schema/MARC21slim.xsd">
  <leader>     nam a22     3a 4500</leader>
  <controlfield tag="001">012364804-1</controlfield>
  <controlfield tag="005">20101101125025.0</controlfield>
  <controlfield tag="008">100607s2008    cc a         |||||||tibod</controlfield>
  <datafield tag="020" ind1=" " ind2=" ">
    <subfield code="a">9787540940423</subfield>
  </datafield>
  <datafield tag="035" ind1="0" ind2=" ">
    <subfield code="a">ocn680431588</subfield>
  </datafield>
  <datafield tag="100" ind1="1" ind2=" ">
    <subfield code="a">Namdak, Tenzin,</subfield>
    <subfield code="d">1926-</subfield>
  </datafield>
  <datafield tag="240" ind1="1" ind2="0">
    <subfield code="a">Works.</subfield>
    <subfield code="d">Selections</subfield>
  </datafield>
  <datafield tag="245" ind1="1" ind2="0">
    <subfield code="a">Sman-riʼi Yoṅs-ʼdzin Slob-dpon Bstan-ʼdzin-rnam-dag rin po cheʼi gsuṅ ʼbum /</subfield>
    <subfield code="c">Yoṅs-ʼdzin Bstan-ʼdzin-rnam-dag ; [rtsom sgrig ʼgan ʼkhur ba, A-sṅags Tshe-riṅ-bkra-śis, Gñan-mo-ʼgrub].</subfield>
  </datafield>
  <datafield tag="250" ind1=" " ind2=" ">
    <subfield code="a">Par theṅs 1.</subfield>
  </datafield>
  <datafield tag="260" ind1=" " ind2=" ">
    <subfield code="a">Chengdu :</subfield>
    <subfield code="b">Si-khron dpe skrun tshogs pa :</subfield>
    <subfield code="b">Si-khron mi rigs dpe skrun khaṅ,</subfield>
    <subfield code="c">2008.</subfield>
  </datafield>
  <datafield tag="300" ind1=" " ind2=" ">
    <subfield code="a">3, 2, 296 p. :</subfield>
    <subfield code="b">ill. ;</subfield>
    <subfield code="c">24 cm.</subfield>
  </datafield>
  <datafield tag="490" ind1="0" ind2=" ">
    <subfield code="a">Saṅs rgyas gʹyuṅ druṅ bon gyi dpe tshogs ;</subfield>
    <subfield code="v">11</subfield>
  </datafield>
  <datafield tag="546" ind1=" " ind2=" ">
    <subfield code="a">In Tibetan.</subfield>
  </datafield>
  <datafield tag="520" ind1=" " ind2=" ">
    <subfield code="a">Addenda to the collected works of Bon scholar Tenzin Namdak, containing new compositions not included in the 13-volume collected works published in Kathmandu by Khri-brtan Nor-bu-rtse in 2005.</subfield>
  </datafield>
  <datafield tag="650" ind1=" " ind2="0">
    <subfield code="a">Bon (Tibetan religion)</subfield>
  </datafield>
  <datafield tag="710" ind1="2" ind2=" ">
    <subfield code="a">Triten Norbutse Monastery (Kathmandu, Nepal)</subfield>
  </datafield>
  <datafield tag="740" ind1="0" ind2="2">
    <subfield code="a">Collected works of Menri Yongzin Lopon Tenzin Namdak Rinpoche.</subfield>
  </datafield>
</record>