

<record xmlns="http://www.loc.gov/MARC21/slim"
xmlns:xsi="http://www.w3.org/2001/XMLSchema-instance"
xsi:schemaLocation="http://www.loc.gov/MARC21/slim
http://www.loc.gov/standards/marcxml/schema/MARC21slim.xsd">
  <leader>     nam a22     3a 4500</leader>
  <controlfield tag="001">012364815-7</controlfield>
  <controlfield tag="005">20110223145340.0</controlfield>
  <controlfield tag="008">100607s2009    cc           |||||||tibod</controlfield>
  <datafield tag="020" ind1=" " ind2=" ">
    <subfield code="a">7105103256</subfield>
  </datafield>
  <datafield tag="020" ind1=" " ind2=" ">
    <subfield code="a">9787105103256</subfield>
  </datafield>
  <datafield tag="035" ind1="0" ind2=" ">
    <subfield code="a">ocn704102915</subfield>
  </datafield>
  <datafield tag="100" ind1="0" ind2=" ">
    <subfield code="a">Grags-pa-ʼbyuṅ-gnas,</subfield>
    <subfield code="c">Ko-źul.</subfield>
  </datafield>
  <datafield tag="245" ind1="1" ind2="0">
    <subfield code="a">Slob grwa chen moʼi Bod yig slob deb śar gaṅs ri ma /</subfield>
    <subfield code="c">Go-śul Grags-pa-ʼbyuṅ-gnas.</subfield>
  </datafield>
  <datafield tag="250" ind1=" " ind2=" ">
    <subfield code="a">Par theṅs 1.</subfield>
  </datafield>
  <datafield tag="260" ind1=" " ind2=" ">
    <subfield code="a">Pe-cin :</subfield>
    <subfield code="b">Mi rigs dpe skrun khaṅ,</subfield>
    <subfield code="c">2009.</subfield>
  </datafield>
  <datafield tag="300" ind1=" " ind2=" ">
    <subfield code="a">2, 724 p. ;</subfield>
    <subfield code="c">21 cm.</subfield>
  </datafield>
  <datafield tag="546" ind1=" " ind2=" ">
    <subfield code="a">In Tibetan.</subfield>
  </datafield>
  <datafield tag="505" ind1="0" ind2=" ">
    <subfield code="a">1. Śar gaṅs ri ma / Rje Dge-ʼdun-grub-pa -- 2. Legs par bśad pa rin po cheʼi gter las ṅan spyod brtag pa / Sa-paṇ Kun-dgaʼ-rgyal-mtshan -- 3. Mi chos gnad kyi phreṅ ba / ʼBrom-ston-pa Rgyal-baʼi-ʼbyuṅ-gnas -- 4. Rkyen la khams ʼdus pa ka kha sum cu / Kun-mkhyen Kloṅ-chen-pa -- 5. Mi la ras paʼi rnam thar tshan bśus / Gtsaṅ-smyon He-ru-ka Rus-paʼi-rgyan-can Saṅs-rgyas-rgyal-mtshan -- 6. Legs bśad ʼphrul gyi dra ba / Sa-paṇ Kun-dgaʼ-rgyal-mtshan -- 7. Jo-bo-rjeʼi bstod pa brgyad cu ba / Nag-tsho Lo-tsā-ba Tshul-khrims-rgyal-ba -- 8. Bslab bya a ru rnam par gyal baʼi dgaʼ tshal / Rdo-sbis Śes-rab-rgya-mtsho -- 9. Rtogs brjod gser gyi me tog / Sgeʼu-steṅ Blo-bzaṅ-dpal-ldan -- 10. Rten ʼbrel bstod pa / Rje Tsoṅ-kha-pa Blo-bzaṅ-grags-pa.</subfield>
  </datafield>
  <datafield tag="520" ind1=" " ind2=" ">
    <subfield code="a">College-level textbook with selections from famous Tibetan literary works, including notes and review questions.</subfield>
  </datafield>
  <datafield tag="650" ind1=" " ind2="0">
    <subfield code="a">Tibetan literature</subfield>
    <subfield code="v">Textbooks.</subfield>
  </datafield>
  <datafield tag="700" ind1="0" ind2=" ">
    <subfield code="a">Sa-skya Paṇḍi-ta Kun-dgaʼ-rgyal-mtshan,</subfield>
    <subfield code="d">1182-1251.</subfield>
  </datafield>
  <datafield tag="700" ind1="0" ind2=" ">
    <subfield code="a">Dge-ʼdun-grub,</subfield>
    <subfield code="c">Dalai Lama I,</subfield>
    <subfield code="d">1391-1474.</subfield>
  </datafield>
  <datafield tag="700" ind1="0" ind2=" ">
    <subfield code="a">ʼBrom-ston Rgyal-baʼi-ʼbyuṅ-gnas.</subfield>
  </datafield>
  <datafield tag="700" ind1="0" ind2=" ">
    <subfield code="a">Kloṅ-chen-pa Dri-med-ʼod-zer,</subfield>
    <subfield code="d">1308-1363.</subfield>
  </datafield>
  <datafield tag="700" ind1="0" ind2=" ">
    <subfield code="a">Gtsaṅ-smyon He-ru-ka,</subfield>
    <subfield code="d">1452-1507.</subfield>
  </datafield>
  <datafield tag="700" ind1="0" ind2=" ">
    <subfield code="a">Tshul-khrims-rgyal-ba,</subfield>
    <subfield code="c">Nag-tsho Lo-tsā-ba,</subfield>
    <subfield code="d">1011-</subfield>
  </datafield>
  <datafield tag="700" ind1="0" ind2=" ">
    <subfield code="a">Śes-rab-rgya-mtsho,</subfield>
    <subfield code="c">Rje-btsun,</subfield>
    <subfield code="d">1884-1968.</subfield>
  </datafield>
  <datafield tag="700" ind1="0" ind2=" ">
    <subfield code="a">Blo-bzaṅ-dpal-ldan,</subfield>
    <subfield code="d">1881-1944.</subfield>
  </datafield>
  <datafield tag="700" ind1="0" ind2=" ">
    <subfield code="a">Tsoṅ-kha-pa Blo-bzaṅ-grags-pa,</subfield>
    <subfield code="d">1357-1419.</subfield>
  </datafield>
</record>