

<record xmlns="http://www.loc.gov/MARC21/slim"
xmlns:xsi="http://www.w3.org/2001/XMLSchema-instance"
xsi:schemaLocation="http://www.loc.gov/MARC21/slim
http://www.loc.gov/standards/marcxml/schema/MARC21slim.xsd">
  <leader>     nam a22     3a 4500</leader>
  <controlfield tag="001">012364859-9</controlfield>
  <controlfield tag="005">20110302155455.0</controlfield>
  <controlfield tag="008">100607s20uu    cc           |||||||tibod</controlfield>
  <datafield tag="035" ind1="0" ind2=" ">
    <subfield code="a">ocn705271778</subfield>
  </datafield>
  <datafield tag="100" ind1="0" ind2=" ">
    <subfield code="a">Dkon-mchog-bstan-pa,</subfield>
    <subfield code="c">No-no,</subfield>
    <subfield code="d">1781-1862.</subfield>
  </datafield>
  <datafield tag="245" ind1="1" ind2="0">
    <subfield code="a">Zab lam lṅa ldan gyi ñams len bya tshul zin bris byaṅ chub lam rgyun sogs źes bya ba bźugs so.</subfield>
  </datafield>
  <datafield tag="260" ind1=" " ind2=" ">
    <subfield code="a">[Tibet? :</subfield>
    <subfield code="b">s.n.,</subfield>
    <subfield code="c">20--?]</subfield>
  </datafield>
  <datafield tag="300" ind1=" " ind2=" ">
    <subfield code="a">351 p. ;</subfield>
    <subfield code="c">8 x 39 cm.</subfield>
  </datafield>
  <datafield tag="546" ind1=" " ind2=" ">
    <subfield code="a">In Tibetan.</subfield>
  </datafield>
  <datafield tag="500" ind1=" " ind2=" ">
    <subfield code="a">Cover title.</subfield>
  </datafield>
  <datafield tag="520" ind1=" " ind2=" ">
    <subfield code="a">Reprint of a collection of five works by Dkon-mchog-bstan-pa, consisting of notes on practices in the ʼBri-guṅ Bkaʼ-brgyud tradition, together with blockprints of three other short ʼBri-guṅ works, the last datable to c.1894.</subfield>
  </datafield>
  <datafield tag="505" ind1="0" ind2=" ">
    <subfield code="a">1. Zab lam lṅa ldan gyi ñams len bya tshul zin bris byaṅ chub lam rgyun -- 2. Lṅa ldan ñams len bya tshul byaṅ chub lam rgyun źes pa las rdzogs rim don gyi sñiṅ po phyag rgya chen poʼi skor khol bur bris pa -- 3. Phyag rgya chen po lṅa ldan las Byams paʼi khrid yig gźan phan bdud rtsiʼi ñiṅ khu -- 4. Dpal ʼKhor-lo-sdom-paʼi dmigs rim zin bris mdor bsdus -- 5. Dge sloṅ Blo-bzaṅ-rin-chen gyi źu lan dogs sel źal gdams -- 6. Tiṅ ṅe ʼdzin gyi yan lag bdun paʼi dmigs rim gyi khrid yig bsdus pa bźugs so / [spar gźi ʼbri baʼi byed po daṅ spar byaṅ smon tshig sogs brjod pa po, Sprul-miṅ Dkon-mchog-ṅag-dbaṅ-phrin-las-chos-rgyal] -- 7. Mtshan don gyi spyi bśad ñin byed ʼod snaṅ źes bya ba bźugs so / [Khams-pa ʼBrog-rgan Sems-ñid-bde-yaṅs-pas gaṅ dran bris pa] -- 8. ʼPhags-pa-sgrol-maʼi gsol ʼdebs skyab bdun maʼi tshig don rnam par ʼgrol ba utpa laʼi chun po źes bya ba bźugs so / [ʼBri-guṅ gi btsun pa Dkon-mchog-nor-bzaṅ źes sam...btags miṅ du, ʼJam-dpal-dgyes-paʼi-blo-ldan źes su ʼbod pas...sbyar; ʼKhos-chuṅ Dge-sloṅ Tshe-riṅ-phun-tshogs kyis...ʼgrel mdzad].</subfield>
  </datafield>
  <datafield tag="650" ind1=" " ind2="0">
    <subfield code="a">ʾBri-guṅ-pa (Sect)</subfield>
    <subfield code="x">Rituals.</subfield>
  </datafield>
  <datafield tag="650" ind1=" " ind2="0">
    <subfield code="a">Mahāmudrā (Tantric rite)</subfield>
  </datafield>
  <datafield tag="740" ind1="0" ind2="2">
    <subfield code="a">Tiṅ ṅe ʼdzin gyi yan lag bdun paʼi dmigs rim gyi khrid yig bsdus pa</subfield>
  </datafield>
  <datafield tag="740" ind1="0" ind2="2">
    <subfield code="a">Mtshan don gyi spyi bśad ñin byed ʼod snaṅ</subfield>
  </datafield>
  <datafield tag="740" ind1="0" ind2="2">
    <subfield code="a">ʼPhags-pa-sgrol-maʼi gsol ʼdebs skyab bdun maʼi tshig don rnam par ʼgrol ba utpa laʼi chun po</subfield>
  </datafield>
</record>