

<record xmlns="http://www.loc.gov/MARC21/slim"
xmlns:xsi="http://www.w3.org/2001/XMLSchema-instance"
xsi:schemaLocation="http://www.loc.gov/MARC21/slim
http://www.loc.gov/standards/marcxml/schema/MARC21slim.xsd">
  <leader>     nam a22     4a 4500</leader>
  <controlfield tag="001">012364866-1</controlfield>
  <controlfield tag="005">20110324145453.0</controlfield>
  <controlfield tag="008">100607s20uu    cc            000|0 tibod</controlfield>
  <datafield tag="035" ind1="0" ind2=" ">
    <subfield code="a">ocn712138692</subfield>
  </datafield>
  <datafield tag="100" ind1="0" ind2=" ">
    <subfield code="a">Ṅes-don-rgya-mtsho,</subfield>
    <subfield code="d">1859?-</subfield>
  </datafield>
  <datafield tag="245" ind1="1" ind2="0">
    <subfield code="a">Zab lam Nā-roʼ chos drug thun moṅ gi sṅon ʼgroʼi dmigs rim sogs ñuṅ du rnam gsal źes bya ba bźugs so.</subfield>
  </datafield>
  <datafield tag="260" ind1=" " ind2=" ">
    <subfield code="a">[Tibet :</subfield>
    <subfield code="b">s.n.,</subfield>
    <subfield code="c">20--]</subfield>
  </datafield>
  <datafield tag="300" ind1=" " ind2=" ">
    <subfield code="a">156 p. ;</subfield>
    <subfield code="c">8 x 39 cm.</subfield>
  </datafield>
  <datafield tag="520" ind1=" " ind2=" ">
    <subfield code="a">Four works on ritual in the ʼBri-guṅ-pa tradition written or compiled by Ṅes-don-rgya-mtsho.</subfield>
  </datafield>
  <datafield tag="546" ind1=" " ind2=" ">
    <subfield code="a">In Tibetan.</subfield>
  </datafield>
  <datafield tag="500" ind1=" " ind2=" ">
    <subfield code="a">Cover title.</subfield>
  </datafield>
  <datafield tag="505" ind1="0" ind2=" ">
    <subfield code="a">1. Nā-roʼ chos drug thun moṅ gi sṅon ʼgroʼi dmigs rim ñuṅ du rnam gsal -- 2. Skyabs sems bsdus ʼgrel don gsal me loṅ -- 3. ʼPhags-paʼi maṇḍala so bdun maʼi dmar khrid tshogs gñis bum bzaṅ -- 4. Tsha gsur gyi cho gaʼi sgom don sems ñid rab gsal.</subfield>
  </datafield>
  <datafield tag="650" ind1=" " ind2="0">
    <subfield code="a">ʼBri-guṅ-pa (Sect)</subfield>
    <subfield code="x">Rituals</subfield>
    <subfield code="v">Texts.</subfield>
  </datafield>
  <datafield tag="650" ind1=" " ind2="0">
    <subfield code="a">Mahāmudrā (Tantric rite)</subfield>
  </datafield>
  <datafield tag="650" ind1=" " ind2="0">
    <subfield code="a">Yoga</subfield>
    <subfield code="x">Tantric Buddhism.</subfield>
  </datafield>
</record>