

<record xmlns="http://www.loc.gov/MARC21/slim"
xmlns:xsi="http://www.w3.org/2001/XMLSchema-instance"
xsi:schemaLocation="http://www.loc.gov/MARC21/slim
http://www.loc.gov/standards/marcxml/schema/MARC21slim.xsd">
  <leader>     nam a2200313La 4500</leader>
  <controlfield tag="001">012502965-9</controlfield>
  <controlfield tag="005">20100609130437.0</controlfield>
  <controlfield tag="008">091125s2008    ii     g     a000 0 tibod</controlfield>
  <datafield tag="035" ind1="0" ind2=" ">
    <subfield code="a">ocn476810507</subfield>
  </datafield>
  <datafield tag="040" ind1=" " ind2=" ">
    <subfield code="a">DKAGE</subfield>
    <subfield code="b">eng</subfield>
    <subfield code="c">DKAGE</subfield>
  </datafield>
  <datafield tag="043" ind1=" " ind2=" ">
    <subfield code="a">a-cc-ti</subfield>
  </datafield>
  <datafield tag="050" ind1=" " ind2="4">
    <subfield code="a">DS786</subfield>
    <subfield code="b">.R59 2008</subfield>
  </datafield>
  <datafield tag="082" ind1="0" ind2="4">
    <subfield code="a">951.5</subfield>
    <subfield code="2">22</subfield>
  </datafield>
  <datafield tag="245" ind1="0" ind2="0">
    <subfield code="a">Rgya-nag gźuṅ gi skyon ʼdzugs khag la btsan byol Bod gźuṅ gi lan ʼdebs :</subfield>
    <subfield code="b">phyi lo 2008 zla 3 tshes 10 nas bzuṅ chol gsum Bod kyi sa khul yoṅs rdzogs naṅ źi baʼi ṅo rgol gyi las ʼgul rlabs po che ʼbyuṅ skabs Rgya-nag gźuṅ nas Spyi-nor Goṅ-sa Skyabs-mgon chen po mchog gis dbus paʼi btsan byol Bod gźuṅ maṅ yoṅs la gźi med khuṅs bral gyi brjod maṅ dag cig źus yod pa de dag so sor raṅ gźuṅ nas lan ʼdebs gsal bśad rim gnaṅ khag phyogs bsdebs.</subfield>
  </datafield>
  <datafield tag="246" ind1="1" ind2="8">
    <subfield code="a">Rgya-nag gźuṅ gi skyon ʼdzugs khag la btsan byol Bod gźuṅ gi lan deb</subfield>
  </datafield>
  <datafield tag="260" ind1=" " ind2=" ">
    <subfield code="a">Dharamsala :</subfield>
    <subfield code="b">Bod gźuṅ phyi dril las khuṅs nas Snar-thaṅ dpar khaṅ du dpar ʼdebs kyis ʼgrems spel źus,</subfield>
    <subfield code="c">2008.</subfield>
  </datafield>
  <datafield tag="300" ind1=" " ind2=" ">
    <subfield code="a">ka-ga, 102 p. ;</subfield>
    <subfield code="c">22 cm.</subfield>
  </datafield>
  <datafield tag="520" ind1=" " ind2=" ">
    <subfield code="a">Central Tibetan Administration&apos;s response to Chinese government&apos;s comments on Bstan-&apos;dzin-rgya-mtsho, Dalai Lama XIV, b. 1935 and Tibetan Government in Exile; including 2008 Tibetan unrest.</subfield>
  </datafield>
  <datafield tag="546" ind1=" " ind2=" ">
    <subfield code="a">In Tibetan.</subfield>
  </datafield>
  <datafield tag="650" ind1=" " ind2="0">
    <subfield code="a">Demonstrations</subfield>
    <subfield code="z">China</subfield>
    <subfield code="z">Tibet Autonomous Region.</subfield>
  </datafield>
  <datafield tag="651" ind1=" " ind2="0">
    <subfield code="a">Tibet Autonomous Region (China)</subfield>
    <subfield code="x">Politics and government</subfield>
    <subfield code="y">1951-</subfield>
  </datafield>
  <datafield tag="651" ind1=" " ind2="0">
    <subfield code="a">Tibet Autonomous Region (China)</subfield>
    <subfield code="x">History</subfield>
    <subfield code="x">Autonomy and independence movements.</subfield>
  </datafield>
  <datafield tag="651" ind1=" " ind2="0">
    <subfield code="a">Tibet Autonomous Region (China)</subfield>
    <subfield code="x">Relations</subfield>
    <subfield code="z">China.</subfield>
  </datafield>
  <datafield tag="651" ind1=" " ind2="0">
    <subfield code="a">China</subfield>
    <subfield code="x">Relations</subfield>
    <subfield code="z">China</subfield>
    <subfield code="z">Tibet.</subfield>
  </datafield>
  <datafield tag="710" ind1="2" ind2=" ">
    <subfield code="a">Central Tibetan Administration-in-Exile (India).</subfield>
    <subfield code="b">Department of Information and International Relations.</subfield>
  </datafield>
  <datafield tag="049" ind1=" " ind2=" ">
    <subfield code="a">HLSS</subfield>
  </datafield>
</record>