

<record xmlns="http://www.loc.gov/MARC21/slim"
xmlns:xsi="http://www.w3.org/2001/XMLSchema-instance"
xsi:schemaLocation="http://www.loc.gov/MARC21/slim
http://www.loc.gov/standards/marcxml/schema/MARC21slim.xsd">
  <leader>     cam a2200337Ia 4500</leader>
  <controlfield tag="001">012517237-0</controlfield>
  <controlfield tag="005">20101021152056.0</controlfield>
  <controlfield tag="008">100707s2009    cc a          000 0 tibod</controlfield>
  <datafield tag="020" ind1=" " ind2=" ">
    <subfield code="a">9787542111234</subfield>
  </datafield>
  <datafield tag="020" ind1=" " ind2=" ">
    <subfield code="a">754211123X</subfield>
  </datafield>
  <datafield tag="035" ind1="0" ind2=" ">
    <subfield code="a">ocn646173350</subfield>
  </datafield>
  <datafield tag="040" ind1=" " ind2=" ">
    <subfield code="a">ZCU</subfield>
    <subfield code="c">ZCU</subfield>
    <subfield code="d">ZCU</subfield>
    <subfield code="d">HMY</subfield>
  </datafield>
  <datafield tag="043" ind1=" " ind2=" ">
    <subfield code="a">a-cc-ka</subfield>
  </datafield>
  <datafield tag="050" ind1=" " ind2="4">
    <subfield code="a">BQ6345.G36</subfield>
    <subfield code="b">R36 2009</subfield>
  </datafield>
  <datafield tag="245" ind1="1" ind2="0">
    <subfield code="a">Kruṅ-goʼi Bod brgyud naṅ dgon dkar chag las Kan-suʼu glegs bam /</subfield>
    <subfield code="c">Rdor-phrug ... [et al.].</subfield>
  </datafield>
  <datafield tag="246" ind1="1" ind2=" ">
    <subfield code="6">880-01</subfield>
    <subfield code="i">Chinese title on t.p. verso:</subfield>
    <subfield code="a">Zhongguo Zang chuan fo jiao si yuan li shi yu xian zhuang yan jiu.</subfield>
    <subfield code="p">Gansu juan</subfield>
  </datafield>
  <datafield tag="250" ind1=" " ind2=" ">
    <subfield code="a">Par gźi 1.</subfield>
  </datafield>
  <datafield tag="260" ind1=" " ind2=" ">
    <subfield code="a">[Lanzhou] :</subfield>
    <subfield code="b">Kan-suʼu mi rigs dpe skrun khaṅ,</subfield>
    <subfield code="c">2009.</subfield>
  </datafield>
  <datafield tag="300" ind1=" " ind2=" ">
    <subfield code="a">4, 20, 783 p. :</subfield>
    <subfield code="b">ill. ;</subfield>
    <subfield code="c">27 cm.</subfield>
  </datafield>
  <datafield tag="546" ind1=" " ind2=" ">
    <subfield code="a">In Tibetan.</subfield>
  </datafield>
  <datafield tag="520" ind1=" " ind2=" ">
    <subfield code="a">A detailed survey of Tibetan Buddhist monasteries in Amdo (A-mdo), specifically in Gansu Province.</subfield>
  </datafield>
  <datafield tag="650" ind1=" " ind2="0">
    <subfield code="a">Buddhist monasteries</subfield>
    <subfield code="z">China</subfield>
    <subfield code="z">Gansu Sheng.</subfield>
  </datafield>
  <datafield tag="650" ind1=" " ind2="0">
    <subfield code="a">Buddhism</subfield>
    <subfield code="z">China</subfield>
    <subfield code="z">Gansu Sheng</subfield>
    <subfield code="x">History.</subfield>
  </datafield>
  <datafield tag="651" ind1=" " ind2="0">
    <subfield code="a">Amdo (China : Region)</subfield>
    <subfield code="x">History.</subfield>
  </datafield>
  <datafield tag="650" ind1=" " ind2="0">
    <subfield code="a">Buddhism</subfield>
    <subfield code="z">China</subfield>
    <subfield code="z">Amdo (Region)</subfield>
    <subfield code="x">History.</subfield>
  </datafield>
  <datafield tag="700" ind1="0" ind2=" ">
    <subfield code="a">Mgon-po-dbaṅ-rgyal.</subfield>
  </datafield>
  <datafield tag="880" ind1="1" ind2=" ">
    <subfield code="6">246-01</subfield>
    <subfield code="i">Chinese title on t.p. verso:</subfield>
    <subfield code="a">中国藏传佛教寺院历史与现状研究.</subfield>
    <subfield code="p">甘肃卷</subfield>
  </datafield>
  <datafield tag="049" ind1=" " ind2=" ">
    <subfield code="a">HMYC</subfield>
    <subfield code="o">d</subfield>
  </datafield>
</record>