

<record xmlns="http://www.loc.gov/MARC21/slim"
xmlns:xsi="http://www.w3.org/2001/XMLSchema-instance"
xsi:schemaLocation="http://www.loc.gov/MARC21/slim
http://www.loc.gov/standards/marcxml/schema/MARC21slim.xsd">
  <leader>     nam a22     3a 4500</leader>
  <controlfield tag="001">012551882-X</controlfield>
  <controlfield tag="005">20101018142915.0</controlfield>
  <controlfield tag="008">100817s200u    cc            ||| | tibo</controlfield>
  <datafield tag="035" ind1="0" ind2=" ">
    <subfield code="a">ocn670190045</subfield>
  </datafield>
  <datafield tag="043" ind1=" " ind2=" ">
    <subfield code="a">a-cc---</subfield>
  </datafield>
  <datafield tag="100" ind1="0" ind2=" ">
    <subfield code="a">Bkra-śis-rgyal-mtshan,</subfield>
    <subfield code="c">Śar-rdza,</subfield>
    <subfield code="d">1859-1933.</subfield>
  </datafield>
  <datafield tag="240" ind1="1" ind2="0">
    <subfield code="a">Works</subfield>
  </datafield>
  <datafield tag="245" ind1="1" ind2="0">
    <subfield code="a">Śar-rdza-ba Bkra-śis-rgyal-mtshan gyi gsuṅ ʼbum źes bya ba bźugs so /</subfield>
    <subfield code="c">Snaṅ-mthaʼ Bstan-ʼdzin-ñi-mas bsgrigs.</subfield>
  </datafield>
  <datafield tag="260" ind1=" " ind2=" ">
    <subfield code="a">[China] :</subfield>
    <subfield code="b">Źaṅ-Bod śes rig tshogs pa,</subfield>
    <subfield code="c">[200-]</subfield>
  </datafield>
  <datafield tag="300" ind1=" " ind2=" ">
    <subfield code="a">14 v. ;</subfield>
    <subfield code="c">24 cm.</subfield>
  </datafield>
  <datafield tag="520" ind1=" " ind2=" ">
    <subfield code="a">Collected works of the Bon scholar Śar-rdza-ba Bkra-śis-rgyal-mtshan (1859-1933).</subfield>
  </datafield>
  <datafield tag="600" ind1="0" ind2="0">
    <subfield code="a">Bkra-śis-rgyal-mtshan,</subfield>
    <subfield code="c">Śar-rdza,</subfield>
    <subfield code="d">1859-1933.</subfield>
  </datafield>
  <datafield tag="650" ind1=" " ind2="0">
    <subfield code="a">Bon lamas</subfield>
    <subfield code="z">China</subfield>
    <subfield code="z">Tibet Autonomous Region.</subfield>
  </datafield>
</record>