

<record xmlns="http://www.loc.gov/MARC21/slim"
xmlns:xsi="http://www.w3.org/2001/XMLSchema-instance"
xsi:schemaLocation="http://www.loc.gov/MARC21/slim
http://www.loc.gov/standards/marcxml/schema/MARC21slim.xsd">
  <leader>     cam a2200349 a 4500</leader>
  <controlfield tag="001">012571750-4</controlfield>
  <controlfield tag="005">20100920140720.0</controlfield>
  <controlfield tag="008">100315s2007    cc ah         000 0 tiboc</controlfield>
  <datafield tag="010" ind1=" " ind2=" ">
    <subfield code="a">  2010396224</subfield>
  </datafield>
  <datafield tag="020" ind1=" " ind2=" ">
    <subfield code="a">9787105091294</subfield>
  </datafield>
  <datafield tag="020" ind1=" " ind2=" ">
    <subfield code="a">7105091290</subfield>
  </datafield>
  <datafield tag="035" ind1="0" ind2=" ">
    <subfield code="a">ocn554864593</subfield>
  </datafield>
  <datafield tag="040" ind1=" " ind2=" ">
    <subfield code="a">IUL</subfield>
    <subfield code="c">IUL</subfield>
    <subfield code="d">DLC</subfield>
  </datafield>
  <datafield tag="042" ind1=" " ind2=" ">
    <subfield code="a">pcc</subfield>
  </datafield>
  <datafield tag="050" ind1="0" ind2="4">
    <subfield code="a">BF1714.T53</subfield>
    <subfield code="b">R33 2007</subfield>
  </datafield>
  <datafield tag="245" ind1="0" ind2="0">
    <subfield code="a">Reb-koṅ Sṅags-maṅ gi skar yig phyogs bsgrigs /</subfield>
    <subfield code="c">[sgrig pa po, Hūm̐-chen He-ru-ka daṅ Ñi-zla He-ru-ka].</subfield>
  </datafield>
  <datafield tag="246" ind1="1" ind2=" ">
    <subfield code="6">880-01</subfield>
    <subfield code="i">Title in colophon:</subfield>
    <subfield code="a">Regong Amang li suan hui ji</subfield>
  </datafield>
  <datafield tag="250" ind1=" " ind2=" ">
    <subfield code="a">1. par theṅs.</subfield>
  </datafield>
  <datafield tag="260" ind1=" " ind2=" ">
    <subfield code="a">[Pe-cin] :</subfield>
    <subfield code="b">Mi-rigs Dpe-skrun-khaṅ,</subfield>
    <subfield code="c">[2007].</subfield>
  </datafield>
  <datafield tag="300" ind1=" " ind2=" ">
    <subfield code="a">6, 215 p., [16] p. of plates :</subfield>
    <subfield code="b">ill., facsims. ;</subfield>
    <subfield code="c">26 cm.</subfield>
  </datafield>
  <datafield tag="490" ind1="1" ind2=" ">
    <subfield code="a">Sṅags maṅ dpe tshogs ;</subfield>
    <subfield code="v">8</subfield>
  </datafield>
  <datafield tag="490" ind1="0" ind2=" ">
    <subfield code="a">Sṅags maṅ dpe tshogs skor theṅs daṅ po;</subfield>
    <subfield code="v">8</subfield>
  </datafield>
  <datafield tag="546" ind1=" " ind2=" ">
    <subfield code="a">In Tibetan.</subfield>
  </datafield>
  <datafield tag="505" ind1="0" ind2=" ">
    <subfield code="a">Skar rtsis dgos ʼdod kun ʼgrub / A-mgron Mkhas-btsun-rgya-mtsho -- Skar gliṅ bsam paʼi don grub ʼgro baʼi re skoṅ / Ñaṅ-skyes Snaṅ-mdzad-rdo-rje -- Skar yig blaṅ dor gsal baʼi me loṅ / Dgu-roṅ Mtsho-skyes-blo-gros.</subfield>
  </datafield>
  <datafield tag="610" ind1="2" ind2="0">
    <subfield code="a">Reb-koṅ Sṅags-maṅ (Monastery : Reb-goṅ Gser-mo-ljoṅs, China)</subfield>
  </datafield>
  <datafield tag="650" ind1=" " ind2="0">
    <subfield code="a">Astrology, Tibetan</subfield>
    <subfield code="v">Texts.</subfield>
  </datafield>
  <datafield tag="700" ind1="0" ind2=" ">
    <subfield code="a">Hūm̐-chen.</subfield>
  </datafield>
  <datafield tag="700" ind1="0" ind2=" ">
    <subfield code="a">Ñi-zla He-ru-ka,</subfield>
    <subfield code="c">Lce-nag-tshaṅ,</subfield>
    <subfield code="d">1971-</subfield>
  </datafield>
  <datafield tag="880" ind1="1" ind2=" ">
    <subfield code="6">246-01</subfield>
    <subfield code="i">Title in colophon:</subfield>
    <subfield code="a">热贡阿芒历算汇集</subfield>
  </datafield>
  <datafield tag="830" ind1=" " ind2="0">
    <subfield code="a">Sṅags maṅ dpe tshogs ;</subfield>
    <subfield code="v">8.</subfield>
  </datafield>
  <datafield tag="049" ind1=" " ind2=" ">
    <subfield code="a">HLSS</subfield>
  </datafield>
</record>