

<record xmlns="http://www.loc.gov/MARC21/slim"
xmlns:xsi="http://www.w3.org/2001/XMLSchema-instance"
xsi:schemaLocation="http://www.loc.gov/MARC21/slim
http://www.loc.gov/standards/marcxml/schema/MARC21slim.xsd">
  <leader>     cam a2200337 a 4500</leader>
  <controlfield tag="001">012571770-9</controlfield>
  <controlfield tag="005">20100920134625.0</controlfield>
  <controlfield tag="008">100315s2007    cc            000 0 tiboc</controlfield>
  <datafield tag="010" ind1=" " ind2=" ">
    <subfield code="a">  2010396225</subfield>
  </datafield>
  <datafield tag="020" ind1=" " ind2=" ">
    <subfield code="a">9787105091300</subfield>
  </datafield>
  <datafield tag="020" ind1=" " ind2=" ">
    <subfield code="a">7105091304</subfield>
  </datafield>
  <datafield tag="035" ind1="0" ind2=" ">
    <subfield code="a">ocn554830857</subfield>
  </datafield>
  <datafield tag="040" ind1=" " ind2=" ">
    <subfield code="a">IUL</subfield>
    <subfield code="c">IUL</subfield>
    <subfield code="d">IUL</subfield>
    <subfield code="d">DLC</subfield>
  </datafield>
  <datafield tag="042" ind1=" " ind2=" ">
    <subfield code="a">pcc</subfield>
  </datafield>
  <datafield tag="050" ind1="0" ind2="4">
    <subfield code="a">R604.T5</subfield>
    <subfield code="b">P23 2007</subfield>
  </datafield>
  <datafield tag="100" ind1="0" ind2=" ">
    <subfield code="a">Padma-rig-ʼdzin,</subfield>
    <subfield code="c">Dbaṅ-chen,</subfield>
    <subfield code="d">1910-1980.</subfield>
  </datafield>
  <datafield tag="245" ind1="1" ind2="0">
    <subfield code="a">Dbaṅ-chen Padma-rig-ʼdzin gyi gso rig rtsom yig phyogs bsgrigs.</subfield>
  </datafield>
  <datafield tag="246" ind1="1" ind2=" ">
    <subfield code="6">880-01</subfield>
    <subfield code="i">Title in colophon:</subfield>
    <subfield code="a">Wangqin Banmarenzeng yi xue wen ji</subfield>
  </datafield>
  <datafield tag="250" ind1=" " ind2=" ">
    <subfield code="a">1. par theṅs</subfield>
  </datafield>
  <datafield tag="260" ind1=" " ind2=" ">
    <subfield code="a">[Pe-cin] :</subfield>
    <subfield code="b">Mi-rigs Dpe-skrun-khaṅ,</subfield>
    <subfield code="c">[2007].</subfield>
  </datafield>
  <datafield tag="300" ind1=" " ind2=" ">
    <subfield code="a">3, 222 p. ;</subfield>
    <subfield code="c">26 cm.</subfield>
  </datafield>
  <datafield tag="490" ind1="1" ind2=" ">
    <subfield code="a">Sṅags maṅ dpe tshogs ;</subfield>
    <subfield code="v">25</subfield>
  </datafield>
  <datafield tag="490" ind1="0" ind2=" ">
    <subfield code="a">Sṅags maṅ dpe tshogs skor theṅs gsum pa ;</subfield>
    <subfield code="v">5</subfield>
  </datafield>
  <datafield tag="546" ind1=" " ind2=" ">
    <subfield code="a">In Tibetan.</subfield>
  </datafield>
  <datafield tag="650" ind1=" " ind2="0">
    <subfield code="a">Medicine, Tibetan.</subfield>
  </datafield>
  <datafield tag="650" ind1=" " ind2="0">
    <subfield code="a">Astrology, Tibetan.</subfield>
  </datafield>
  <datafield tag="650" ind1=" " ind2="0">
    <subfield code="a">Medicine, Tibetan</subfield>
    <subfield code="v">Glossaries, vocabularies, etc.</subfield>
  </datafield>
  <datafield tag="880" ind1="1" ind2=" ">
    <subfield code="6">246-01</subfield>
    <subfield code="i">Title in colophon:</subfield>
    <subfield code="a">旺钦班玛仁曾医学文集</subfield>
  </datafield>
  <datafield tag="830" ind1=" " ind2="0">
    <subfield code="a">Sṅags maṅ dpe tshogs ;</subfield>
    <subfield code="v">25.</subfield>
  </datafield>
</record>