

<record xmlns="http://www.loc.gov/MARC21/slim"
xmlns:xsi="http://www.w3.org/2001/XMLSchema-instance"
xsi:schemaLocation="http://www.loc.gov/MARC21/slim
http://www.loc.gov/standards/marcxml/schema/MARC21slim.xsd">
  <leader>     nam a22     4a 4500</leader>
  <controlfield tag="001">012684435-6</controlfield>
  <controlfield tag="005">20110311192753.0</controlfield>
  <controlfield tag="008">110214|2003    ii            000|0 tib d</controlfield>
  <datafield tag="035" ind1="0" ind2=" ">
    <subfield code="a">ocn505927483</subfield>
  </datafield>
  <datafield tag="050" ind1=" " ind2="4">
    <subfield code="a">BQ8921.M35</subfield>
    <subfield code="b">B586 2003</subfield>
  </datafield>
  <datafield tag="100" ind1="0" ind2=" ">
    <subfield code="a">Blo-bzaṅ-chos-kyi-rgyal-mtshan,</subfield>
    <subfield code="c">Panchen Lama I,</subfield>
    <subfield code="d">1567?-1662.</subfield>
  </datafield>
  <datafield tag="245" ind1="0" ind2="0">
    <subfield code="a">Gźi lam ʼbras gsum gyi phyag rgya chen po&apos;i ṅo bo ṅos ʼdzin las brtsams pa&apos;i śes rab bdag ʼdzin gñis kyi gśags debs /</subfield>
    <subfield code="c">Pan-chen Blo-bzaṅ-chos-rgyal gyis mdzad.</subfield>
  </datafield>
  <datafield tag="260" ind1=" " ind2=" ">
    <subfield code="a">Sidhpur, Dist. Kangra, H. P. : Btsun-mgon Sgrol-ma Gliṅ Rigs-lam Slob-gñer Khaṅ gis par bskrun źus,</subfield>
    <subfield code="c">[2003].</subfield>
  </datafield>
  <datafield tag="300" ind1=" " ind2=" ">
    <subfield code="a">xvi, 237 p. ;</subfield>
    <subfield code="c">23 cm.</subfield>
  </datafield>
  <datafield tag="546" ind1=" " ind2=" ">
    <subfield code="a">In Tibetan.</subfield>
  </datafield>
  <datafield tag="650" ind1=" " ind2="0">
    <subfield code="a">Mahāmudrā (Tantric rite)</subfield>
  </datafield>
</record>