

<record xmlns="http://www.loc.gov/MARC21/slim"
xmlns:xsi="http://www.w3.org/2001/XMLSchema-instance"
xsi:schemaLocation="http://www.loc.gov/MARC21/slim
http://www.loc.gov/standards/marcxml/schema/MARC21slim.xsd">
  <leader>     nam a22     4a 4500</leader>
  <controlfield tag="001">012690224-0</controlfield>
  <controlfield tag="005">20110216163845.0</controlfield>
  <controlfield tag="008">110216|2005    ne            000|0 tib d</controlfield>
  <datafield tag="025" ind1=" " ind2=" ">
    <subfield code="a">I-Tib-2009-306965; 16</subfield>
  </datafield>
  <datafield tag="035" ind1="0" ind2=" ">
    <subfield code="a">ocn437116676</subfield>
  </datafield>
  <datafield tag="043" ind1=" " ind2=" ">
    <subfield code="a">a-cc-ti</subfield>
  </datafield>
  <datafield tag="050" ind1=" " ind2="4">
    <subfield code="a">BQ7604 .R47 2005</subfield>
  </datafield>
  <datafield tag="100" ind1="0" ind2=" ">
    <subfield code="a">Rgyal-mtshan-phun-tshogs.</subfield>
  </datafield>
  <datafield tag="245" ind1="1" ind2="0">
    <subfield code="a">Chos kyi byuṅ ba brjod pa rdzogs ldan sprin gyi rol mo blo gsal legs bris ʼdzum paʼi dgaʼ ston źes bya ba bźugs so /</subfield>
    <subfield code="c">Rgyal-mtshan-phun-tshogs kyis rtsom sgrig źus.</subfield>
  </datafield>
  <datafield tag="250" ind1=" " ind2=" ">
    <subfield code="a">1st ed.</subfield>
  </datafield>
  <datafield tag="260" ind1=" " ind2=" ">
    <subfield code="a">Baijnath, Dist. Kangra, Himachal Pradesh :</subfield>
    <subfield code="b">Dpal-spuṅs Gsuṅ-rab Ñams-gso-khaṅ,</subfield>
    <subfield code="c">[2005]</subfield>
  </datafield>
  <datafield tag="300" ind1=" " ind2=" ">
    <subfield code="a">124 p. ;</subfield>
    <subfield code="c">23 cm.</subfield>
  </datafield>
  <datafield tag="546" ind1=" " ind2=" ">
    <subfield code="a">In Tibetan.</subfield>
  </datafield>
  <datafield tag="520" ind1=" " ind2=" ">
    <subfield code="a">Historical development of Tibetan Buddhism.</subfield>
  </datafield>
  <datafield tag="650" ind1=" " ind2="0">
    <subfield code="a">Buddhism</subfield>
    <subfield code="z">China</subfield>
    <subfield code="z">Tibet Autonomous Region.</subfield>
  </datafield>
  <datafield tag="710" ind1="2" ind2=" ">
    <subfield code="a">Dpal-spuṅs Gsuṅ-rab Ñams-gso-khaṅ.</subfield>
  </datafield>
</record>