

<record xmlns="http://www.loc.gov/MARC21/slim"
xmlns:xsi="http://www.w3.org/2001/XMLSchema-instance"
xsi:schemaLocation="http://www.loc.gov/MARC21/slim
http://www.loc.gov/standards/marcxml/schema/MARC21slim.xsd">
  <leader>     nam a22     3a 4500</leader>
  <controlfield tag="001">012690291-7</controlfield>
  <controlfield tag="005">20110216163337.0</controlfield>
  <controlfield tag="008">110216|2008    ii            000|0 tib d</controlfield>
  <datafield tag="025" ind1=" " ind2=" ">
    <subfield code="a">I-Tib-2010-345035; 16</subfield>
  </datafield>
  <datafield tag="035" ind1="0" ind2=" ">
    <subfield code="a">ocn501514388</subfield>
  </datafield>
  <datafield tag="050" ind1=" " ind2="4">
    <subfield code="a">DS786 .A785 2008</subfield>
  </datafield>
  <datafield tag="245" ind1="0" ind2="0">
    <subfield code="a">A-riʼi Mdo-khams Chu-bźi Sgaṅ-drug tshogs gtso A-thar Nor-buʼi bden gtam zer baʼi ʼod sder naṅ gi ʼchal gtam la dgag lan bden gtam mun pa sel baʼi sgron me bźugs so.</subfield>
  </datafield>
  <datafield tag="246" ind1="1" ind2="0">
    <subfield code="a">Bden gtam zer baʼi ʼod sder naṅ gi ʼchal gtam la dgag lan bden gtam mun pa se</subfield>
  </datafield>
  <datafield tag="260" ind1=" " ind2=" ">
    <subfield code="a">Dha-sa [i.e. Dharamsala] :</subfield>
    <subfield code="b">Dha-sa Mdo-stod Chu-sgaṅ Dbus Spyi-khyab Rgyun-las-khaṅ nas ʼgrems spel źus,</subfield>
    <subfield code="c">2008.</subfield>
  </datafield>
  <datafield tag="300" ind1=" " ind2=" ">
    <subfield code="a">111 p. ;</subfield>
    <subfield code="c">23 cm.</subfield>
  </datafield>
  <datafield tag="546" ind1=" " ind2=" ">
    <subfield code="a">In Tibetan.</subfield>
  </datafield>
  <datafield tag="520" ind1=" " ind2=" ">
    <subfield code="a">Subversive writing against three points political proclamation made by late Lithang Athar, President of Dhokham Chushi Gangdruk and his associates during 1st international conference of Dhokham Chushi Gangdruk held in New York.</subfield>
  </datafield>
</record>