

<record xmlns="http://www.loc.gov/MARC21/slim"
xmlns:xsi="http://www.w3.org/2001/XMLSchema-instance"
xsi:schemaLocation="http://www.loc.gov/MARC21/slim
http://www.loc.gov/standards/marcxml/schema/MARC21slim.xsd">
  <leader>     nam a22     4a 4500</leader>
  <controlfield tag="001">012696473-4</controlfield>
  <controlfield tag="005">20110311193113.0</controlfield>
  <controlfield tag="008">110224s2009    ii a          000|0 tib d</controlfield>
  <datafield tag="020" ind1=" " ind2=" ">
    <subfield code="a">9788186470930</subfield>
  </datafield>
  <datafield tag="025" ind1=" " ind2=" ">
    <subfield code="a">I-Tib-2010-326751; 16</subfield>
  </datafield>
  <datafield tag="035" ind1="0" ind2=" ">
    <subfield code="a">ocn631245319</subfield>
  </datafield>
  <datafield tag="043" ind1=" " ind2=" ">
    <subfield code="a">a-cc-ti</subfield>
  </datafield>
  <datafield tag="050" ind1=" " ind2="4">
    <subfield code="a">BQ990.H63</subfield>
    <subfield code="b">J36 2009</subfield>
  </datafield>
  <datafield tag="245" ind1="0" ind2="0">
    <subfield code="a">ʼJam mgon rgyal baʼi rgyal tshab skyabs rje yoṅs ʼdzin gliṅ sprul rdo rje ʼchaṅ rje btsun Thub-bstan-luṅ-rtogs-rnam-rgyal-ʼphrin-las dpal bzaṅ poʼi thun moṅ baʼi mdzad rnam mdo tsam brjod pa nor buʼi do śal źes bya ba bźugs so /</subfield>
    <subfield code="c">goṅ sa skyabs mgon bcu bźi pa chen pos mdzad.</subfield>
  </datafield>
  <datafield tag="246" ind1="1" ind2="4">
    <subfield code="a">ʼJam mgon rgyal baʼi rgyal tshab skyabs rje yoṅs ʼdzin gliṅ sprul rdo rje ʼchaṅ chen poʼi mdzad rnam mdo tsam brjod pa bźugs so</subfield>
  </datafield>
  <datafield tag="250" ind1=" " ind2=" ">
    <subfield code="a">1st ed.</subfield>
  </datafield>
  <datafield tag="260" ind1=" " ind2=" ">
    <subfield code="a">Dharamsala, H.P. :</subfield>
    <subfield code="b">Yongzin Ling Labrang,</subfield>
    <subfield code="c">c2009.</subfield>
  </datafield>
  <datafield tag="300" ind1=" " ind2=" ">
    <subfield code="a">464 p. :</subfield>
    <subfield code="b">ill. (some col.) ;</subfield>
    <subfield code="c">25 cm.</subfield>
  </datafield>
  <datafield tag="546" ind1=" " ind2=" ">
    <subfield code="a">In Tibetan.</subfield>
  </datafield>
  <datafield tag="520" ind1=" " ind2=" ">
    <subfield code="a">Biography of Thupten Lungtok Namgyal Trinley, a junior tutor of XIV Dalai Lama.</subfield>
  </datafield>
  <datafield tag="650" ind1=" " ind2="0">
    <subfield code="a">Dge-lugs-pa lamas</subfield>
    <subfield code="z">China</subfield>
    <subfield code="z">Tibet Autonomous Region</subfield>
    <subfield code="v">Biography.</subfield>
  </datafield>
  <datafield tag="600" ind1="0" ind2="0">
    <subfield code="a">Thub-bstan-luṅ-rtogs-bstan-ʼdzin-ʼphrin-las,</subfield>
    <subfield code="d">1903-1983.</subfield>
  </datafield>
  <datafield tag="700" ind1="0" ind2=" ">
    <subfield code="a">Bstan-ʼdzin-rgya-mtsho,</subfield>
    <subfield code="c">Dalai Lama XIV,</subfield>
    <subfield code="d">1935-</subfield>
  </datafield>
</record>