

<record xmlns="http://www.loc.gov/MARC21/slim"
xmlns:xsi="http://www.w3.org/2001/XMLSchema-instance"
xsi:schemaLocation="http://www.loc.gov/MARC21/slim
http://www.loc.gov/standards/marcxml/schema/MARC21slim.xsd">
  <leader>     cjm a22003852i 4500</leader>
  <controlfield tag="001">012760698-X</controlfield>
  <controlfield tag="005">20110504024133.0</controlfield>
  <controlfield tag="008">061127r20061996enkppnn sdfg     |n tib d</controlfield>
  <datafield tag="024" ind1="3" ind2=" ">
    <subfield code="a">5019396201422</subfield>
  </datafield>
  <datafield tag="040" ind1=" " ind2=" ">
    <subfield code="a">CGU</subfield>
    <subfield code="c">CGU</subfield>
    <subfield code="d">CGU</subfield>
    <subfield code="d">MLN</subfield>
    <subfield code="d">VaAlASP</subfield>
  </datafield>
  <datafield tag="041" ind1="0" ind2=" ">
    <subfield code="d">tib</subfield>
    <subfield code="e">eng</subfield>
    <subfield code="e">ger</subfield>
    <subfield code="e">fre</subfield>
    <subfield code="e">spa</subfield>
    <subfield code="g">eng</subfield>
    <subfield code="g">ger</subfield>
    <subfield code="g">fre</subfield>
    <subfield code="g">spa</subfield>
  </datafield>
  <datafield tag="100" ind1="1" ind2=" ">
    <subfield code="a">Dhondup, Tashi.</subfield>
  </datafield>
  <datafield tag="245" ind1="1" ind2="0">
    <subfield code="a">Songs from Tibet</subfield>
    <subfield code="h">[electronic resource] /</subfield>
    <subfield code="c">Techung.</subfield>
  </datafield>
  <datafield tag="260" ind1=" " ind2=" ">
    <subfield code="a">East Grinstead, West Sussex, England :</subfield>
    <subfield code="b">ARC Music,</subfield>
    <subfield code="c">p2006.</subfield>
  </datafield>
  <datafield tag="300" ind1=" " ind2=" ">
    <subfield code="a">1 online resource.</subfield>
  </datafield>
  <datafield tag="500" ind1=" " ind2=" ">
    <subfield code="a">Contains previously released material from albums released 1996-1999.</subfield>
  </datafield>
  <datafield tag="500" ind1=" " ind2=" ">
    <subfield code="a">Program notes and song lyrics (27 p. : ill. (some col.), port.) in English, German, French, and Spanish inserted in original container.</subfield>
  </datafield>
  <datafield tag="500" ind1=" " ind2=" ">
    <subfield code="a">Traditional and original Tibetan songs.</subfield>
  </datafield>
  <datafield tag="505" ind1="0" ind2=" ">
    <subfield code="a">Zhi wai gang seng = Snow lion of peace (7:27) -- Kham lu = A song to the mountains (3:46) -- Drechang silma = Fresh rice chang (3:27) -- Losar (5:01) -- Supheb la = Come, everyone (1:32) -- Kelsang sungla yardo = Auspicious one, melodiously ascending (3:51) -- Yekor la = Circle (2:39) - - Yarlung trinzang = The tranquil cloud of Yarlung (4:11) -- Pangen metok = Flowers, the ornament of the pasture (4: 58) -- Serkyi trungphor = The golden drinking bowl (3:03) -- Chakla phepsam = Welcome (2:22) -- Nyima sarpa = Evanescent love (4:51) -- Sumdren nyethak = Drink three times (3:29) -- Lochung semo = Young princess (3:43).</subfield>
  </datafield>
  <datafield tag="546" ind1=" " ind2=" ">
    <subfield code="a">Sung in Tibetan.</subfield>
  </datafield>
  <datafield tag="650" ind1=" " ind2="0">
    <subfield code="a">Folk music</subfield>
    <subfield code="z">China</subfield>
    <subfield code="z">Tibet Autonomous Region.</subfield>
  </datafield>
  <datafield tag="650" ind1=" " ind2="0">
    <subfield code="a">Popular music</subfield>
    <subfield code="y">1991-2000.</subfield>
  </datafield>
  <datafield tag="650" ind1=" " ind2="0">
    <subfield code="a">Songs, Tibetan.</subfield>
  </datafield>
  <datafield tag="650" ind1=" " ind2="0">
    <subfield code="a">World music.</subfield>
  </datafield>
  <datafield tag="650" ind1=" " ind2="4">
    <subfield code="a">Tibetan language materials.</subfield>
  </datafield>
  <datafield tag="700" ind1="1" ind2="2">
    <subfield code="a">Dhondup, Tashi.</subfield>
    <subfield code="4">prf</subfield>
  </datafield>
  <datafield tag="776" ind1="1" ind2=" ">
    <subfield code="c">Original publisher catalog number</subfield>
    <subfield code="o">EUCD 2014</subfield>
  </datafield>
  <datafield tag="776" ind1="1" ind2=" ">
    <subfield code="c">Original</subfield>
    <subfield code="w">(OCoLC)76806498</subfield>
  </datafield>
  <datafield tag="830" ind1=" " ind2="0">
    <subfield code="a">Contemporary world music</subfield>
    <subfield code="5">net</subfield>
  </datafield>
</record>