

<record xmlns="http://www.loc.gov/MARC21/slim"
xmlns:xsi="http://www.w3.org/2001/XMLSchema-instance"
xsi:schemaLocation="http://www.loc.gov/MARC21/slim
http://www.loc.gov/standards/marcxml/schema/MARC21slim.xsd">
  <leader>     cjm a22003972i 4500</leader>
  <controlfield tag="001">012760750-1</controlfield>
  <controlfield tag="005">20110603192228.0</controlfield>
  <controlfield tag="008">940509p19931971nyucbn  sdik     |  tib d</controlfield>
  <datafield tag="040" ind1=" " ind2=" ">
    <subfield code="a">VaAIASP</subfield>
    <subfield code="c">VaAIASP</subfield>
    <subfield code="d">VaAlASP</subfield>
  </datafield>
  <datafield tag="041" ind1="0" ind2=" ">
    <subfield code="d">tib</subfield>
    <subfield code="e">eng</subfield>
    <subfield code="e">tib</subfield>
    <subfield code="h">tib</subfield>
    <subfield code="g">eng</subfield>
  </datafield>
  <datafield tag="043" ind1=" " ind2=" ">
    <subfield code="a">a-bt---</subfield>
  </datafield>
  <datafield tag="245" ind1="0" ind2="0">
    <subfield code="a">Tibetan Buddhist rites from the monasteries of Bhutan.</subfield>
    <subfield code="n">vol. 1</subfield>
    <subfield code="h">[electronic resource].</subfield>
  </datafield>
  <datafield tag="260" ind1=" " ind2=" ">
    <subfield code="a">New York, NY :</subfield>
    <subfield code="b">Lyrichord,</subfield>
    <subfield code="c">[1993?]</subfield>
  </datafield>
  <datafield tag="300" ind1=" " ind2=" ">
    <subfield code="a">1 online resource.</subfield>
  </datafield>
  <datafield tag="500" ind1=" " ind2=" ">
    <subfield code="a">Chants and instrumental music.</subfield>
  </datafield>
  <datafield tag="500" ind1=" " ind2=" ">
    <subfield code="a">Originally issued as analog disc: LLST 7255 (1973?).</subfield>
  </datafield>
  <datafield tag="500" ind1=" " ind2=" ">
    <subfield code="a">Program notes by John Levy, and English translations of vocal texts (10 p. ill.) inserted in original container.</subfield>
  </datafield>
  <datafield tag="500" ind1=" " ind2=" ">
    <subfield code="a">Title on original container spine: Rituals of the Drukpa order.</subfield>
  </datafield>
  <datafield tag="505" ind1="0" ind2=" ">
    <subfield code="a">In praise of Genyen (5:34) -- Offering of golden drink (1:16) -- Exhortation to the guardian goddess of long life (5:00) -- Long trumpets: Throat ornament (1:28) ; Two notes prolonged (0:39) -- Invitation to Gonpo (2:59) -- Petition to Chakchen (4:17) -- Invoking Tshetro&apos;s blessings (2:58) -- Supplication to the Buddhas (3:51) -- Aspiration to be reborn in the western paradise (0:56) -- Petition to Damar (1:09) -- Prayer for Lama&apos;s long life (1:07) -- Large mani-wheel, with mantra (1:42) -- Rite to cure disease, chanted by nuns (6:43) -- Tibetan shawm: processional music (1:30) -- Processional music for shawms and percussion (3:17) -- Long trumpets: Auspicious ending (2:36).</subfield>
  </datafield>
  <datafield tag="518" ind1=" " ind2=" ">
    <subfield code="a">Recorded 1971.</subfield>
  </datafield>
  <datafield tag="650" ind1=" " ind2="0">
    <subfield code="a">Rñiṅ-ma-pa (Sect)</subfield>
    <subfield code="x">Rituals.</subfield>
  </datafield>
  <datafield tag="650" ind1=" " ind2="0">
    <subfield code="a">ʼBrug-pa (Sect)</subfield>
    <subfield code="x">Rituals.</subfield>
  </datafield>
  <datafield tag="650" ind1=" " ind2="0">
    <subfield code="a">Buddhist chants.</subfield>
  </datafield>
  <datafield tag="650" ind1=" " ind2="0">
    <subfield code="a">Buddhist music.</subfield>
  </datafield>
  <datafield tag="650" ind1=" " ind2="0">
    <subfield code="a">Tibetans</subfield>
    <subfield code="z">Bhutan</subfield>
    <subfield code="x">Music.</subfield>
  </datafield>
  <datafield tag="700" ind1="1" ind2=" ">
    <subfield code="a">Levy, John.</subfield>
  </datafield>
  <datafield tag="740" ind1="0" ind2="2">
    <subfield code="a">Rituals of the Drukpa order.</subfield>
  </datafield>
  <datafield tag="740" ind1="0" ind2="2">
    <subfield code="a">Tibetan Buddhist rites from the monasteries of Bhutan.</subfield>
  </datafield>
  <datafield tag="776" ind1="1" ind2=" ">
    <subfield code="c">Original publisher catalog number</subfield>
    <subfield code="o">LYRCO 7255</subfield>
  </datafield>
  <datafield tag="830" ind1=" " ind2="0">
    <subfield code="a">Contemporary world music</subfield>
    <subfield code="5">net</subfield>
  </datafield>
</record>