

<record xmlns="http://www.loc.gov/MARC21/slim"
xmlns:xsi="http://www.w3.org/2001/XMLSchema-instance"
xsi:schemaLocation="http://www.loc.gov/MARC21/slim
http://www.loc.gov/standards/marcxml/schema/MARC21slim.xsd">
  <leader>     njm a22002532i 4500</leader>
  <controlfield tag="001">012760751-X</controlfield>
  <controlfield tag="005">20110504024133.0</controlfield>
  <controlfield tag="008">080405s2002    gau||n||s|||||||||||tib|d</controlfield>
  <datafield tag="040" ind1=" " ind2=" ">
    <subfield code="a">VaAlASP</subfield>
    <subfield code="c">VaAIASP</subfield>
    <subfield code="d">VaAIASP</subfield>
  </datafield>
  <datafield tag="100" ind1="1" ind2=" ">
    <subfield code="a">Kater, Peter.</subfield>
  </datafield>
  <datafield tag="245" ind1="1" ind2="0">
    <subfield code="a">Tibetan retreat</subfield>
    <subfield code="h">[electronic resource] /</subfield>
    <subfield code="c">by Peter Kater.</subfield>
  </datafield>
  <datafield tag="260" ind1=" " ind2=" ">
    <subfield code="a">Roswell, GA :</subfield>
    <subfield code="b">Intersound,</subfield>
    <subfield code="c">2002.</subfield>
  </datafield>
  <datafield tag="300" ind1=" " ind2=" ">
    <subfield code="a">1 online resource.</subfield>
  </datafield>
  <datafield tag="500" ind1=" " ind2=" ">
    <subfield code="a">Title from resource description page (viewed May 3, 2010).</subfield>
  </datafield>
  <datafield tag="505" ind1="0" ind2="0">
    <subfield code="t">1st Movement: Sentient Beings --</subfield>
    <subfield code="t">2nd Movement: Wisdom --</subfield>
    <subfield code="t">3rd Movement: Compassion --</subfield>
    <subfield code="t">4th Movement: Heart.</subfield>
  </datafield>
  <datafield tag="650" ind1=" " ind2="0">
    <subfield code="a">New Age music.</subfield>
  </datafield>
  <datafield tag="776" ind1="1" ind2=" ">
    <subfield code="c">Original publisher catalog number</subfield>
    <subfield code="o">0718</subfield>
  </datafield>
  <datafield tag="830" ind1=" " ind2="0">
    <subfield code="a">Contemporary world music</subfield>
    <subfield code="5">net</subfield>
  </datafield>
</record>