

<record xmlns="http://www.loc.gov/MARC21/slim"
xmlns:xsi="http://www.w3.org/2001/XMLSchema-instance"
xsi:schemaLocation="http://www.loc.gov/MARC21/slim
http://www.loc.gov/standards/marcxml/schema/MARC21slim.xsd">
  <leader>     cjm a22003012i 4500</leader>
  <controlfield tag="001">012761104-5</controlfield>
  <controlfield tag="005">20110504030909.0</controlfield>
  <controlfield tag="008">040920s2004    caufmn  s        |  tib d</controlfield>
  <datafield tag="040" ind1=" " ind2=" ">
    <subfield code="a">IV0</subfield>
    <subfield code="c">IV0</subfield>
    <subfield code="d">OCLCQ</subfield>
    <subfield code="d">MLN</subfield>
    <subfield code="d">VaAlASP</subfield>
  </datafield>
  <datafield tag="041" ind1="1" ind2=" ">
    <subfield code="d">tib</subfield>
    <subfield code="h">eng</subfield>
  </datafield>
  <datafield tag="043" ind1=" " ind2=" ">
    <subfield code="a">a------</subfield>
  </datafield>
  <datafield tag="100" ind1="1" ind2=" ">
    <subfield code="a">Drolma, Choying.</subfield>
  </datafield>
  <datafield tag="245" ind1="1" ind2="0">
    <subfield code="a">Selwa</subfield>
    <subfield code="h">[electronic resource] /</subfield>
    <subfield code="c">Choying Drolma.</subfield>
  </datafield>
  <datafield tag="260" ind1=" " ind2=" ">
    <subfield code="a">San Francisco, Calif. :</subfield>
    <subfield code="b">Six Degrees,</subfield>
    <subfield code="c">p2004.</subfield>
  </datafield>
  <datafield tag="300" ind1=" " ind2=" ">
    <subfield code="a">1 electronic resource.</subfield>
  </datafield>
  <datafield tag="500" ind1=" " ind2=" ">
    <subfield code="a">Biographical notes and lyrics.</subfield>
  </datafield>
  <datafield tag="505" ind1="0" ind2=" ">
    <subfield code="a">Padmakara -- Palden rangjung -- Vakritunda -- Kyamdro semkye -- Gayatri -- Song of realization -- Yumchen tukar -- Mandala offering -- Chenrezi -- Chendren -- Je lama.</subfield>
  </datafield>
  <datafield tag="650" ind1=" " ind2="0">
    <subfield code="a">Songs</subfield>
    <subfield code="z">China</subfield>
    <subfield code="z">Tibet Autonomous Region.</subfield>
  </datafield>
  <datafield tag="650" ind1=" " ind2="0">
    <subfield code="a">Women singers</subfield>
    <subfield code="z">Asia.</subfield>
  </datafield>
  <datafield tag="650" ind1=" " ind2="4">
    <subfield code="a">Tibetan language materials.</subfield>
  </datafield>
  <datafield tag="776" ind1="1" ind2=" ">
    <subfield code="c">Original</subfield>
    <subfield code="o">65703611042 (Six degrees)</subfield>
  </datafield>
  <datafield tag="830" ind1=" " ind2="0">
    <subfield code="a">Contemporary world music</subfield>
    <subfield code="5">net</subfield>
  </datafield>
</record>