

<record xmlns="http://www.loc.gov/MARC21/slim"
xmlns:xsi="http://www.w3.org/2001/XMLSchema-instance"
xsi:schemaLocation="http://www.loc.gov/MARC21/slim
http://www.loc.gov/standards/marcxml/schema/MARC21slim.xsd">
  <leader>     cgm a22003252i 4500</leader>
  <controlfield tag="001">012795709-X</controlfield>
  <controlfield tag="005">20110607040608.0</controlfield>
  <controlfield tag="008">080410q20072008mau063           |vltib d</controlfield>
  <datafield tag="016" ind1="7" ind2=" ">
    <subfield code="a">101471170</subfield>
    <subfield code="2">DNLM</subfield>
  </datafield>
  <datafield tag="040" ind1=" " ind2=" ">
    <subfield code="a">NLM</subfield>
    <subfield code="c">NLM</subfield>
    <subfield code="d">CWR</subfield>
    <subfield code="d">VaAlASP</subfield>
  </datafield>
  <datafield tag="041" ind1="1" ind2=" ">
    <subfield code="a">tib</subfield>
    <subfield code="a">eng</subfield>
    <subfield code="h">tib</subfield>
  </datafield>
  <datafield tag="245" ind1="0" ind2="0">
    <subfield code="a">Fate of the lhapa</subfield>
    <subfield code="h">[electronic resource] /</subfield>
    <subfield code="c">Documentary Educational Resources ; [presented by] Indigenous Lenses.</subfield>
  </datafield>
  <datafield tag="260" ind1=" " ind2=" ">
    <subfield code="a">Watertown, MA :</subfield>
    <subfield code="b">Documentary Educational Resources,</subfield>
    <subfield code="c">c2007-2008.</subfield>
  </datafield>
  <datafield tag="300" ind1=" " ind2=" ">
    <subfield code="a">1 streaming video (63 min.)</subfield>
  </datafield>
  <datafield tag="500" ind1=" " ind2=" ">
    <subfield code="a">Date on disc label: 2007; copyright date on container: 2008.</subfield>
  </datafield>
  <datafield tag="520" ind1="3" ind2=" ">
    <subfield code="a">(Producer) This is about the last three Tibetan shamans (lhapas) living in a Tibetan refugee camp in Nepal. With no other descendants to carry on their healing practices and a younger generation acculturating and modernizing, they are practicing an endangered tradition.</subfield>
  </datafield>
  <datafield tag="546" ind1=" " ind2=" ">
    <subfield code="a">Spoken Tibetan with English subtitles.</subfield>
  </datafield>
  <datafield tag="650" ind1=" " ind2="0">
    <subfield code="a">Medicine, Tibetan.</subfield>
  </datafield>
  <datafield tag="650" ind1=" " ind2="0">
    <subfield code="a">Refugees</subfield>
    <subfield code="z">Nepal.</subfield>
  </datafield>
  <datafield tag="650" ind1=" " ind2="0">
    <subfield code="a">Shamanism</subfield>
    <subfield code="z">Nepal.</subfield>
  </datafield>
  <datafield tag="700" ind1="1" ind2=" ">
    <subfield code="a">Sifers, Sarah.</subfield>
  </datafield>
  <datafield tag="710" ind1="2" ind2=" ">
    <subfield code="a">Documentary Educational Resources (Firm)</subfield>
  </datafield>
  <datafield tag="830" ind1=" " ind2="0">
    <subfield code="a">Ethnographic video online</subfield>
    <subfield code="5">net</subfield>
  </datafield>
</record>