

<record xmlns="http://www.loc.gov/MARC21/slim"
xmlns:xsi="http://www.w3.org/2001/XMLSchema-instance"
xsi:schemaLocation="http://www.loc.gov/MARC21/slim
http://www.loc.gov/standards/marcxml/schema/MARC21slim.xsd">
  <leader>     cam a22002894a 4500</leader>
  <controlfield tag="001">012850343-2</controlfield>
  <controlfield tag="005">20130115162045.0</controlfield>
  <controlfield tag="008">950119s1965    ii a          000 0 tib d</controlfield>
  <datafield tag="035" ind1="0" ind2=" ">
    <subfield code="a">ocn824601312</subfield>
  </datafield>
  <datafield tag="041" ind1="1" ind2=" ">
    <subfield code="a">san</subfield>
    <subfield code="a">tib</subfield>
    <subfield code="h">san</subfield>
  </datafield>
  <datafield tag="100" ind1="0" ind2=" ">
    <subfield code="a">Kṣemendra,</subfield>
    <subfield code="d">active 11th century.</subfield>
  </datafield>
  <datafield tag="240" ind1="1" ind2="0">
    <subfield code="a">Avadānakalpalatā.</subfield>
    <subfield code="l">Tibetan &amp; Sanskrit</subfield>
  </datafield>
  <datafield tag="245" ind1="1" ind2="0">
    <subfield code="a">Dībhāṣasadr̥kṣapuṭairatnāvadānakalpalatābiharatisma =</subfield>
    <subfield code="b">Rtogs brjod rin po che dpag bsam khri śiṅ skad gñis śan sbyar ba gźugs /</subfield>
    <subfield code="c">[Dge-bai̕-dbaṅ-pos mdzad pa ; bar yig pa, Byams Gliṅ-pa ... et. al.].</subfield>
  </datafield>
  <datafield tag="246" ind1="1" ind2="1">
    <subfield code="a">Rtogs brjod rin po che dpag bsam khri śiṅ skad gñis śan sbyar ba gźugs</subfield>
  </datafield>
  <datafield tag="260" ind1=" " ind2=" ">
    <subfield code="a">[India? :</subfield>
    <subfield code="b">s.n.],</subfield>
    <subfield code="c">ṡiṅ mo sbrul gyi loʼi tha skar gyi zla baʼi tshes bco lṅa [1965]</subfield>
  </datafield>
  <datafield tag="300" ind1=" " ind2=" ">
    <subfield code="a">620 leaves :</subfield>
    <subfield code="b">ill. ;</subfield>
    <subfield code="c">10 x 60 cm.</subfield>
  </datafield>
  <datafield tag="520" ind1=" " ind2=" ">
    <subfield code="a">Tibetan transcription (of Sanskrit original) and translation of the Bodhisattvāvadānakalpalatā, a Buddhist text included in the Tanjur.</subfield>
  </datafield>
  <datafield tag="546" ind1=" " ind2=" ">
    <subfield code="a">Parallel text in Tibetan and Sanskrit</subfield>
    <subfield code="b">Sanskrit in Tibetan script).</subfield>
  </datafield>
  <datafield tag="500" ind1=" " ind2=" ">
    <subfield code="a">First title in Ranjana (Lan-tsa) script not transliterated in this record.</subfield>
  </datafield>
  <datafield tag="500" ind1=" " ind2=" ">
    <subfield code="a">Authorship and date of publication from colophon.</subfield>
  </datafield>
  <datafield tag="500" ind1=" " ind2=" ">
    <subfield code="a">Printed on both sides of leaves.</subfield>
  </datafield>
  <datafield tag="630" ind1="0" ind2="0">
    <subfield code="a">Tripiṭaka.</subfield>
    <subfield code="p">Sūtrapiṭaka.</subfield>
    <subfield code="p">Avadāna.</subfield>
  </datafield>
  <datafield tag="630" ind1="0" ind2="0">
    <subfield code="a">Tanjur.</subfield>
  </datafield>
  <datafield tag="650" ind1=" " ind2="0">
    <subfield code="a">Tripiṭaka (Tibetan version)</subfield>
  </datafield>
  <datafield tag="650" ind1=" " ind2="0">
    <subfield code="a">Buddhism</subfield>
    <subfield code="v">Sacred books.</subfield>
  </datafield>
  <datafield tag="700" ind1="0" ind2=" ">
    <subfield code="a">Byams Gliṅ-pa.</subfield>
  </datafield>
</record>