

<record xmlns="http://www.loc.gov/MARC21/slim"
xmlns:xsi="http://www.w3.org/2001/XMLSchema-instance"
xsi:schemaLocation="http://www.loc.gov/MARC21/slim
http://www.loc.gov/standards/marcxml/schema/MARC21slim.xsd">
  <leader>     ntm a22     5a 4500</leader>
  <controlfield tag="001">012901292-0</controlfield>
  <controlfield tag="005">20110922174629.0</controlfield>
  <controlfield tag="008">110922s1937    cc           |||||||tib|d</controlfield>
  <datafield tag="035" ind1="0" ind2=" ">
    <subfield code="a">ocn754379710</subfield>
  </datafield>
  <datafield tag="040" ind1=" " ind2=" ">
    <subfield code="a">MH-H</subfield>
    <subfield code="c">MH-H</subfield>
    <subfield code="e">dacs</subfield>
  </datafield>
  <datafield tag="100" ind1="1" ind2=" ">
    <subfield code="a">Cervantes Saavedra, Miguel de,</subfield>
    <subfield code="d">1547-1616.</subfield>
  </datafield>
  <datafield tag="240" ind1="0" ind2="0">
    <subfield code="a">Don Quixote.</subfield>
    <subfield code="k">Selections.</subfield>
    <subfield code="l">Tibetan</subfield>
  </datafield>
  <datafield tag="245" ind1="1" ind2="0">
    <subfield code="a">Don Quixote :</subfield>
    <subfield code="k">manuscript,</subfield>
    <subfield code="f">1937.</subfield>
  </datafield>
  <datafield tag="300" ind1=" " ind2=" ">
    <subfield code="a">1 volume (151 leaves) :</subfield>
    <subfield code="c">27 centimeters.</subfield>
  </datafield>
  <datafield tag="520" ind1=" " ind2=" ">
    <subfield code="a">Translation of selected chapters of Don Quixote.</subfield>
  </datafield>
  <datafield tag="500" ind1=" " ind2=" ">
    <subfield code="a">Title supplied by cataloger.</subfield>
  </datafield>
  <datafield tag="500" ind1=" " ind2=" ">
    <subfield code="a">Traditional format binding with blue paper wrappers.</subfield>
  </datafield>
  <datafield tag="500" ind1=" " ind2=" ">
    <subfield code="a">In blue cloth case.</subfield>
  </datafield>
  <datafield tag="524" ind1=" " ind2=" ">
    <subfield code="a">MS Tibetan 3. Houghton Library, Harvard University.</subfield>
  </datafield>
  <datafield tag="546" ind1=" " ind2=" ">
    <subfield code="a">In Tibetan.</subfield>
  </datafield>
</record>