

<record xmlns="http://www.loc.gov/MARC21/slim"
xmlns:xsi="http://www.w3.org/2001/XMLSchema-instance"
xsi:schemaLocation="http://www.loc.gov/MARC21/slim
http://www.loc.gov/standards/marcxml/schema/MARC21slim.xsd">
  <leader>     ntcaa22        4500</leader>
  <controlfield tag="001">012903962-4</controlfield>
  <controlfield tag="005">20111104114606.0</controlfield>
  <controlfield tag="008">020710s1917    mau          |||||||tib|d</controlfield>
  <datafield tag="035" ind1="0" ind2=" ">
    <subfield code="a">ocn755229229</subfield>
  </datafield>
  <datafield tag="040" ind1=" " ind2=" ">
    <subfield code="a">MH-H</subfield>
    <subfield code="c">MH-H</subfield>
    <subfield code="e">dacs</subfield>
  </datafield>
  <datafield tag="245" ind1="0" ind2="0">
    <subfield code="a">Tibetan mantra rolls,</subfield>
    <subfield code="f">before 1917.</subfield>
  </datafield>
  <datafield tag="300" ind1=" " ind2=" ">
    <subfield code="a">1 box</subfield>
    <subfield code="a">(32 items)</subfield>
  </datafield>
  <datafield tag="520" ind1=" " ind2=" ">
    <subfield code="a">32 mantra rolls; 25 wrapped in yellow silk, 6 unwrapped.</subfield>
  </datafield>
  <datafield tag="545" ind1=" " ind2=" ">
    <subfield code="a">The mantra rolls were found in a looted temple in Peking by F. A. Golden, a professor at the State College of Washington (now Washington State University).</subfield>
  </datafield>
  <datafield tag="524" ind1=" " ind2=" ">
    <subfield code="a">Tibetan Mantra Rolls (MS Tibetan 1). Houghton Library, Harvard University.</subfield>
  </datafield>
  <datafield tag="546" ind1=" " ind2=" ">
    <subfield code="a">In Tibetan.</subfield>
  </datafield>
  <datafield tag="650" ind1=" " ind2="0">
    <subfield code="a">Buddhism</subfield>
    <subfield code="v">Prayers and devotions</subfield>
    <subfield code="x">Tibetan.</subfield>
  </datafield>
  <datafield tag="650" ind1=" " ind2="0">
    <subfield code="a">Mantras.</subfield>
  </datafield>
  <datafield tag="700" ind1="1" ind2=" ">
    <subfield code="a">Golden, F. A.,</subfield>
    <subfield code="e">collector.</subfield>
  </datafield>
</record>