

<record xmlns="http://www.loc.gov/MARC21/slim"
xmlns:xsi="http://www.w3.org/2001/XMLSchema-instance"
xsi:schemaLocation="http://www.loc.gov/MARC21/slim
http://www.loc.gov/standards/marcxml/schema/MARC21slim.xsd">
  <leader>     cam a22003614i 4500</leader>
  <controlfield tag="001">012916351-1</controlfield>
  <controlfield tag="005">20130504133301.0</controlfield>
  <controlfield tag="006">m        d</controlfield>
  <controlfield tag="008">101015s2010    cc a    q     000 0 tib d</controlfield>
  <datafield tag="020" ind1=" " ind2=" ">
    <subfield code="a">9784990355920</subfield>
  </datafield>
  <datafield tag="020" ind1=" " ind2=" ">
    <subfield code="a">499035592X</subfield>
  </datafield>
  <datafield tag="035" ind1="0" ind2=" ">
    <subfield code="a">ocn670250497</subfield>
  </datafield>
  <datafield tag="040" ind1=" " ind2=" ">
    <subfield code="a">STF</subfield>
    <subfield code="b">eng</subfield>
    <subfield code="c">STF</subfield>
    <subfield code="e">rda</subfield>
    <subfield code="d">STF</subfield>
  </datafield>
  <datafield tag="050" ind1=" " ind2="4">
    <subfield code="a">BQ1260</subfield>
    <subfield code="b">.P55 1672a</subfield>
  </datafield>
  <datafield tag="130" ind1="0" ind2=" ">
    <subfield code="a">Kanjur.</subfield>
  </datafield>
  <datafield tag="245" ind1="1" ind2="0">
    <subfield code="a">bkaʹ ʹgyur pe cin par ma.</subfield>
  </datafield>
  <datafield tag="246" ind1="1" ind2=" ">
    <subfield code="i">Added ttile on container:</subfield>
    <subfield code="a">Peking edition of the Kangyur preserved at National Library of Mongolia, Ulaanbaatar, Mongolia</subfield>
  </datafield>
  <datafield tag="250" ind1=" " ind2=" ">
    <subfield code="a">Peking edition.</subfield>
  </datafield>
  <datafield tag="260" ind1=" " ind2=" ">
    <subfield code="a">Koyama, Shinagawa ku,Tokyo, Japan :</subfield>
    <subfield code="b">Digital Preservation Society (DPS),</subfield>
    <subfield code="c">[2010], ©2010.</subfield>
  </datafield>
  <datafield tag="300" ind1=" " ind2=" ">
    <subfield code="a">5 DVD-ROMs ;</subfield>
    <subfield code="c">digital, PDF, color illustrations ,</subfield>
    <subfield code="c">4 3/4 in.</subfield>
  </datafield>
  <datafield tag="336" ind1=" " ind2=" ">
    <subfield code="a">text</subfield>
    <subfield code="2">rdacontent</subfield>
  </datafield>
  <datafield tag="337" ind1=" " ind2=" ">
    <subfield code="a">computer</subfield>
    <subfield code="2">rdamedia</subfield>
  </datafield>
  <datafield tag="338" ind1=" " ind2=" ">
    <subfield code="a">computer disc</subfield>
    <subfield code="2">rdacontent</subfield>
  </datafield>
  <datafield tag="538" ind1=" " ind2=" ">
    <subfield code="a">DVD-R.</subfield>
  </datafield>
  <datafield tag="546" ind1=" " ind2=" ">
    <subfield code="a">In Tibetan with English user notes.</subfield>
  </datafield>
  <datafield tag="500" ind1=" " ind2=" ">
    <subfield code="a">Title from romanized title on disc label.</subfield>
  </datafield>
  <datafield tag="500" ind1=" " ind2=" ">
    <subfield code="a">&quot;The Peking edition of the Kangyur is held in the National Library of Mongolia is printed with red ink. Included in this complete digital version are 103 volumes from the National Library of Mongolia and 4 volumes (002 rgyud ka, 018 rgyud tsa, 048 sher phyin mi, 066 mdo sna tshogs ngu) from the Harvard-Yenching Library.&quot;--Edited from container</subfield>
  </datafield>
  <datafield tag="650" ind1=" " ind2="0">
    <subfield code="a">Buddhism</subfield>
    <subfield code="v">Sacred books.</subfield>
  </datafield>
  <datafield tag="776" ind1="0" ind2="8">
    <subfield code="i">Print version:</subfield>
    <subfield code="a">Kanjur.</subfield>
    <subfield code="t">Da zang jing.</subfield>
    <subfield code="d">[Beijing] : [publisher not identified], [Qing Kangxi jian, between 1692 and 1700]</subfield>
    <subfield code="w">(OCoLC)78278268</subfield>
  </datafield>
</record>