

<record xmlns="http://www.loc.gov/MARC21/slim"
xmlns:xsi="http://www.w3.org/2001/XMLSchema-instance"
xsi:schemaLocation="http://www.loc.gov/MARC21/slim
http://www.loc.gov/standards/marcxml/schema/MARC21slim.xsd">
  <leader>     ntm a22     5a 4500</leader>
  <controlfield tag="001">012916585-9</controlfield>
  <controlfield tag="005">20111004104302.0</controlfield>
  <controlfield tag="006">knnn| |||||  |||az</controlfield>
  <controlfield tag="008">110930nuuuuuuuuxx           |||||||tib|d</controlfield>
  <datafield tag="035" ind1="0" ind2=" ">
    <subfield code="a">ocn756503750</subfield>
  </datafield>
  <datafield tag="040" ind1=" " ind2=" ">
    <subfield code="a">MH-H</subfield>
    <subfield code="c">MH-H</subfield>
    <subfield code="e">dacs</subfield>
  </datafield>
  <datafield tag="245" ind1="0" ind2="0">
    <subfield code="a">Buddhist sutras :</subfield>
    <subfield code="k">manuscript,</subfield>
    <subfield code="f">undated.</subfield>
  </datafield>
  <datafield tag="300" ind1=" " ind2=" ">
    <subfield code="a">334 leaves :</subfield>
    <subfield code="b">illustrations ;</subfield>
    <subfield code="c">21 x 64 centimeters.</subfield>
  </datafield>
  <datafield tag="500" ind1=" " ind2=" ">
    <subfield code="a">Written in red and black ink on both sides of leaves, chiefly 8 lines per leaf. Two painted miniatures on the first leaf measuring 13 x 13 centimeters each and one centered on an inner leaf measuring 6 x 7 centimeters.</subfield>
  </datafield>
  <datafield tag="520" ind1=" " ind2=" ">
    <subfield code="a">Sutras with marginal commentary. Paintings depict Buddhist devotional imagery.</subfield>
  </datafield>
  <datafield tag="500" ind1=" " ind2=" ">
    <subfield code="a">Leaves are loose with carved wooden board covers. Boards have worn gilt and red laquer.</subfield>
  </datafield>
  <datafield tag="524" ind1=" " ind2=" ">
    <subfield code="a">MS Tibetan 2. Houghton Library, Harvard University.</subfield>
  </datafield>
  <datafield tag="546" ind1=" " ind2=" ">
    <subfield code="a">In Tibetan.</subfield>
  </datafield>
  <datafield tag="650" ind1=" " ind2="0">
    <subfield code="a">Buddhism</subfield>
    <subfield code="v">Prayers and devotions</subfield>
    <subfield code="x">Tibetan.</subfield>
  </datafield>
  <datafield tag="655" ind1=" " ind2="7">
    <subfield code="a">Paintings.</subfield>
    <subfield code="2">aat</subfield>
  </datafield>
</record>