

<record xmlns="http://www.loc.gov/MARC21/slim"
xmlns:xsi="http://www.w3.org/2001/XMLSchema-instance"
xsi:schemaLocation="http://www.loc.gov/MARC21/slim
http://www.loc.gov/standards/marcxml/schema/MARC21slim.xsd">
  <leader>     ntm a22     5a 4500</leader>
  <controlfield tag="001">012926425-3</controlfield>
  <controlfield tag="005">20111005121146.0</controlfield>
  <controlfield tag="008">111005nuuuuuuuuxx           |||||||tib|d</controlfield>
  <datafield tag="035" ind1="0" ind2=" ">
    <subfield code="a">ocn756504049</subfield>
  </datafield>
  <datafield tag="040" ind1=" " ind2=" ">
    <subfield code="a">MH-H</subfield>
    <subfield code="c">MH-H</subfield>
    <subfield code="e">dacs</subfield>
  </datafield>
  <datafield tag="245" ind1="0" ind2="0">
    <subfield code="a">Tibetan manuscript,</subfield>
    <subfield code="f">undated.</subfield>
  </datafield>
  <datafield tag="300" ind1=" " ind2=" ">
    <subfield code="a">355 leaves :</subfield>
    <subfield code="c">24 x 69 centimeters.</subfield>
  </datafield>
  <datafield tag="500" ind1=" " ind2=" ">
    <subfield code="a">Written in gold in on both sides of leaves, chiefly 8 lines per leaf. Leaves are dyed indigo with waxed centers where writing is. Two leaves (ff. 1 and 5) consist of several leaves stitched together and the gold writing is covered with silk cloth. Cloth cover of first folio is brocade. Includes 3 white leaves, one blank, the others written in black and red ink.</subfield>
  </datafield>
  <datafield tag="500" ind1=" " ind2=" ">
    <subfield code="a">Leaves are loose with carved wooden board covers. Boards are carved, one with figures of gods and animals with worn red and yellow paint, and one with floral scroll design with red, green, and yellow paint.</subfield>
  </datafield>
  <datafield tag="524" ind1=" " ind2=" ">
    <subfield code="a">MS Tibetan 5. Houghton Library, Harvard University.</subfield>
  </datafield>
  <datafield tag="546" ind1=" " ind2=" ">
    <subfield code="a">In Tibetan.</subfield>
  </datafield>
</record>