

<record xmlns="http://www.loc.gov/MARC21/slim"
xmlns:xsi="http://www.w3.org/2001/XMLSchema-instance"
xsi:schemaLocation="http://www.loc.gov/MARC21/slim
http://www.loc.gov/standards/marcxml/schema/MARC21slim.xsd">
  <leader>     cgm a2200493Ia 4500</leader>
  <controlfield tag="001">013088465-0</controlfield>
  <controlfield tag="005">20120206142304.0</controlfield>
  <controlfield tag="008">100112p20001999quc094            vltib d</controlfield>
  <datafield tag="024" ind1="1" ind2=" ">
    <subfield code="a">065935220060</subfield>
  </datafield>
  <datafield tag="028" ind1="5" ind2="0">
    <subfield code="a">22006</subfield>
    <subfield code="b">Alliance Atlantis</subfield>
  </datafield>
  <datafield tag="035" ind1="0" ind2=" ">
    <subfield code="a">ocn497207141</subfield>
  </datafield>
  <datafield tag="040" ind1=" " ind2=" ">
    <subfield code="a">JOZ</subfield>
    <subfield code="c">JOZ</subfield>
    <subfield code="d">OCLCA</subfield>
  </datafield>
  <datafield tag="041" ind1="1" ind2=" ">
    <subfield code="a">tib</subfield>
    <subfield code="a">fre</subfield>
    <subfield code="j">eng</subfield>
    <subfield code="h">tib</subfield>
  </datafield>
  <datafield tag="082" ind1="0" ind2="4">
    <subfield code="a">791.43</subfield>
    <subfield code="2">22</subfield>
  </datafield>
  <datafield tag="245" ind1="0" ind2="4">
    <subfield code="a">The cup</subfield>
    <subfield code="h">[videorecording] =</subfield>
    <subfield code="b">La coupe /</subfield>
    <subfield code="c">a Fine Line Features and Palm Pictures presentation of a Coffee Stain production ; produced by Malcolm Watson &amp; Raymond Steiner ; written and directed by Khyentse Norbu.</subfield>
  </datafield>
  <datafield tag="246" ind1="3" ind2="1">
    <subfield code="a">Coupe</subfield>
  </datafield>
  <datafield tag="260" ind1=" " ind2=" ">
    <subfield code="a">[Montréal] :</subfield>
    <subfield code="b">Alliance Atlantis,</subfield>
    <subfield code="c">2000.</subfield>
  </datafield>
  <datafield tag="300" ind1=" " ind2=" ">
    <subfield code="a">1 videodisc (94 min.) :</subfield>
    <subfield code="b">sd., col. ;</subfield>
    <subfield code="c">4 3/4 in.</subfield>
  </datafield>
  <datafield tag="538" ind1=" " ind2=" ">
    <subfield code="a">DVD.</subfield>
  </datafield>
  <datafield tag="546" ind1=" " ind2=" ">
    <subfield code="a">Original Tibetan language with English subtitles, French language.</subfield>
  </datafield>
  <datafield tag="500" ind1=" " ind2=" ">
    <subfield code="a">Container identifies original language as Chinese.</subfield>
  </datafield>
  <datafield tag="500" ind1=" " ind2=" ">
    <subfield code="a">Title from disc surface.</subfield>
  </datafield>
  <datafield tag="511" ind1="1" ind2=" ">
    <subfield code="a">Jamyang Lodro, Orgyen Tobgyal, Neten Chokling.</subfield>
  </datafield>
  <datafield tag="508" ind1=" " ind2=" ">
    <subfield code="a">Cinematography, Paul Warren ; film editing, John Scott ; original music, Douglas Mills, Phillip Beazley.</subfield>
  </datafield>
  <datafield tag="500" ind1=" " ind2=" ">
    <subfield code="a">Originally released as a motion picture in 1999.</subfield>
  </datafield>
  <datafield tag="520" ind1=" " ind2=" ">
    <subfield code="a">The year is 1998 and the World Cup has just been kicked into high gear. But for four monks living deep in the Himalayas, watching their favorite sport isn&apos;t only difficult -- it&apos;s forbidden. As soccer fever heats up, the young monks break the rules, sneak out of their monastery and risk their futures in a madcap adventure that&apos;s all for the love of the game.</subfield>
  </datafield>
  <datafield tag="650" ind1=" " ind2="0">
    <subfield code="a">Buddhist monks</subfield>
    <subfield code="z">China</subfield>
    <subfield code="z">Tibet Autonomous Region Autonomous Region</subfield>
    <subfield code="v">Drama.</subfield>
  </datafield>
  <datafield tag="650" ind1=" " ind2="0">
    <subfield code="a">Soccer</subfield>
    <subfield code="x">Tournaments</subfield>
    <subfield code="v">Drama.</subfield>
  </datafield>
  <datafield tag="650" ind1=" " ind2="0">
    <subfield code="a">Feature films.</subfield>
  </datafield>
  <datafield tag="655" ind1=" " ind2="0">
    <subfield code="a">DVD-Video discs.</subfield>
  </datafield>
  <datafield tag="650" ind1=" " ind2="0">
    <subfield code="a">Comedy films.</subfield>
  </datafield>
  <datafield tag="700" ind1="1" ind2=" ">
    <subfield code="a">Khyentse, Jamyang,</subfield>
    <subfield code="d">1961-</subfield>
  </datafield>
  <datafield tag="700" ind1="1" ind2=" ">
    <subfield code="a">Watson, Malcolm.</subfield>
  </datafield>
  <datafield tag="700" ind1="1" ind2=" ">
    <subfield code="a">Steiner, Raymond.</subfield>
  </datafield>
  <datafield tag="700" ind1="1" ind2=" ">
    <subfield code="a">Mills, Douglas.</subfield>
  </datafield>
  <datafield tag="700" ind1="1" ind2=" ">
    <subfield code="a">Beazley, Phillip,</subfield>
    <subfield code="d">1956-</subfield>
  </datafield>
  <datafield tag="710" ind1="2" ind2=" ">
    <subfield code="a">Coffee Stain Productions.</subfield>
  </datafield>
  <datafield tag="710" ind1="2" ind2=" ">
    <subfield code="a">Palm Pictures.</subfield>
  </datafield>
  <datafield tag="710" ind1="2" ind2=" ">
    <subfield code="a">Fine Line Features.</subfield>
  </datafield>
  <datafield tag="710" ind1="2" ind2=" ">
    <subfield code="a">Alliance Atlantis (Firm)</subfield>
  </datafield>
</record>