

<record xmlns="http://www.loc.gov/MARC21/slim"
xmlns:xsi="http://www.w3.org/2001/XMLSchema-instance"
xsi:schemaLocation="http://www.loc.gov/MARC21/slim
http://www.loc.gov/standards/marcxml/schema/MARC21slim.xsd">
  <leader>     cjm a22003252i 4500</leader>
  <controlfield tag="001">013147272-0</controlfield>
  <controlfield tag="005">20120504191810.0</controlfield>
  <controlfield tag="008">940125p19911989azuzzn  sz       || tib d</controlfield>
  <datafield tag="040" ind1=" " ind2=" ">
    <subfield code="a">VaAIASP</subfield>
    <subfield code="c">VaAIASP</subfield>
    <subfield code="d">VaAlASP</subfield>
  </datafield>
  <datafield tag="245" ind1="0" ind2="0">
    <subfield code="a">Sacred ceremonies.</subfield>
    <subfield code="n">Volume one</subfield>
    <subfield code="h">[electronic resource] :</subfield>
    <subfield code="b">tantric hymns and music of Tibetan Buddhism monks of the Dip Tse Chok Ling monastery, Dharamsala.</subfield>
  </datafield>
  <datafield tag="260" ind1=" " ind2=" ">
    <subfield code="a">Tucson, Ariz. :</subfield>
    <subfield code="b">Fortuna Records :</subfield>
    <subfield code="b">Distributed by Celestial Harmonies,</subfield>
    <subfield code="c">1991.</subfield>
  </datafield>
  <datafield tag="300" ind1=" " ind2=" ">
    <subfield code="a">1 online resource.</subfield>
  </datafield>
  <datafield tag="500" ind1=" " ind2=" ">
    <subfield code="a">Previously released as a compact disc.</subfield>
  </datafield>
  <datafield tag="500" ind1=" " ind2=" ">
    <subfield code="a">Fortuna records: 17074.</subfield>
  </datafield>
  <datafield tag="500" ind1=" " ind2=" ">
    <subfield code="a">Program notes inserted in original container.</subfield>
  </datafield>
  <datafield tag="650" ind1=" " ind2="0">
    <subfield code="a">Tibetans</subfield>
    <subfield code="z">India</subfield>
    <subfield code="z">Dharmsāla</subfield>
    <subfield code="x">Music.</subfield>
  </datafield>
  <datafield tag="650" ind1=" " ind2="0">
    <subfield code="a">Sacred vocal music</subfield>
    <subfield code="z">India</subfield>
    <subfield code="z">Dharmsāla.</subfield>
  </datafield>
  <datafield tag="650" ind1=" " ind2="0">
    <subfield code="a">Buddhist music</subfield>
    <subfield code="z">India</subfield>
    <subfield code="z">Dharmsāla.</subfield>
  </datafield>
  <datafield tag="700" ind1="1" ind2=" ">
    <subfield code="a">Samphel, Thupten.</subfield>
  </datafield>
  <datafield tag="700" ind1="1" ind2=" ">
    <subfield code="a">Sephel, Thupten.</subfield>
  </datafield>
  <datafield tag="700" ind1="1" ind2=" ">
    <subfield code="a">Wangdu, Tenzin.</subfield>
  </datafield>
  <datafield tag="776" ind1="1" ind2=" ">
    <subfield code="c">Original publisher catalog number</subfield>
    <subfield code="o">17074</subfield>
  </datafield>
  <datafield tag="776" ind1="1" ind2=" ">
    <subfield code="c">Original</subfield>
    <subfield code="w">(OCoLC) 493281696</subfield>
  </datafield>
  <datafield tag="830" ind1=" " ind2="0">
    <subfield code="a">Contemporary world music</subfield>
    <subfield code="5">net</subfield>
  </datafield>
</record>