

<record xmlns="http://www.loc.gov/MARC21/slim"
xmlns:xsi="http://www.w3.org/2001/XMLSchema-instance"
xsi:schemaLocation="http://www.loc.gov/MARC21/slim
http://www.loc.gov/standards/marcxml/schema/MARC21slim.xsd">
  <leader>     cjm a22003252i 4500</leader>
  <controlfield tag="001">013147503-7</controlfield>
  <controlfield tag="005">20120504191818.0</controlfield>
  <controlfield tag="008">930331p19921990azu||n  s        |  tib d</controlfield>
  <datafield tag="040" ind1=" " ind2=" ">
    <subfield code="a">OCO</subfield>
    <subfield code="c">OCO</subfield>
    <subfield code="d">OCL</subfield>
    <subfield code="d">BKL</subfield>
    <subfield code="d">VaAlASP</subfield>
  </datafield>
  <datafield tag="245" ind1="0" ind2="0">
    <subfield code="a">Sacred ceremonies 2</subfield>
    <subfield code="h">[electronic resource] :</subfield>
    <subfield code="b">tantric hymns and music of Tibetan Buddhism /</subfield>
    <subfield code="c">Monks of the Dip Tse Chok Ling Monastery, Dharamsala.</subfield>
  </datafield>
  <datafield tag="246" ind1="3" ind2="0">
    <subfield code="a">Sacred ceremonies two</subfield>
  </datafield>
  <datafield tag="260" ind1=" " ind2=" ">
    <subfield code="a">Tucson, Ariz. :</subfield>
    <subfield code="b">Fortuna Records :</subfield>
    <subfield code="b">Distributed by Celestial Harmonies,</subfield>
    <subfield code="c">p1992.</subfield>
  </datafield>
  <datafield tag="300" ind1=" " ind2=" ">
    <subfield code="a">1 online resource.</subfield>
  </datafield>
  <datafield tag="500" ind1=" " ind2=" ">
    <subfield code="a">Previously released as a compact disc.</subfield>
  </datafield>
  <datafield tag="500" ind1=" " ind2=" ">
    <subfield code="a">Program notes ([8] p. : ill.) inserted in original container.</subfield>
  </datafield>
  <datafield tag="505" ind1="0" ind2="0">
    <subfield code="t">Sounds of the conch shell for remembering death --</subfield>
    <subfield code="t">Invocation of deities through ritual instruments --</subfield>
    <subfield code="t">The auspicious verses of Guru Puja --</subfield>
    <subfield code="t">Hymns &amp; music for inviting deities and dharma protectors --</subfield>
    <subfield code="t">The vase initiation of Yamantaka --</subfield>
    <subfield code="t">The great empowerment of Bandruya, King of the Universe --</subfield>
    <subfield code="t">Kang ling --</subfield>
    <subfield code="t">Emanations of Buddha --</subfield>
    <subfield code="t">Auspicious sounds of instruments in nine repetitions --</subfield>
    <subfield code="t">Dissolving the visualization of the field of merit.</subfield>
  </datafield>
  <datafield tag="650" ind1=" " ind2="0">
    <subfield code="a">Buddhist music</subfield>
    <subfield code="z">India</subfield>
    <subfield code="z">Dharmsāla.</subfield>
  </datafield>
  <datafield tag="650" ind1=" " ind2="0">
    <subfield code="a">Buddhist chants</subfield>
    <subfield code="z">India</subfield>
    <subfield code="z">Dharmsāla.</subfield>
  </datafield>
  <datafield tag="700" ind1="1" ind2=" ">
    <subfield code="a">Samphel, Thupten.</subfield>
  </datafield>
  <datafield tag="700" ind1="1" ind2=" ">
    <subfield code="a">Sephel, Thupten.</subfield>
  </datafield>
  <datafield tag="700" ind1="1" ind2=" ">
    <subfield code="a">Wangdu, Tenzin.</subfield>
  </datafield>
  <datafield tag="710" ind1="2" ind2=" ">
    <subfield code="a">Thekchen Chholing (Dharmsāla, India)</subfield>
  </datafield>
  <datafield tag="776" ind1="1" ind2=" ">
    <subfield code="c">Original publisher catalog number</subfield>
    <subfield code="o">17079-2</subfield>
  </datafield>
  <datafield tag="830" ind1=" " ind2="0">
    <subfield code="a">Contemporary world music</subfield>
    <subfield code="5">net</subfield>
  </datafield>
</record>