

<record xmlns="http://www.loc.gov/MARC21/slim"
xmlns:xsi="http://www.w3.org/2001/XMLSchema-instance"
xsi:schemaLocation="http://www.loc.gov/MARC21/slim
http://www.loc.gov/standards/marcxml/schema/MARC21slim.xsd">
  <leader>     cjm a22003012i 4500</leader>
  <controlfield tag="001">013147586-X</controlfield>
  <controlfield tag="005">20120504191819.0</controlfield>
  <controlfield tag="008">040121s2000    azucbn  s        |  tib d</controlfield>
  <datafield tag="040" ind1=" " ind2=" ">
    <subfield code="a">JCU</subfield>
    <subfield code="c">JCU</subfield>
    <subfield code="d">VaAlASP</subfield>
  </datafield>
  <datafield tag="041" ind1="1" ind2=" ">
    <subfield code="d">tib</subfield>
    <subfield code="h">eng</subfield>
    <subfield code="g">eng</subfield>
  </datafield>
  <datafield tag="100" ind1="0" ind2=" ">
    <subfield code="a">Thupten Pema Lama.</subfield>
  </datafield>
  <datafield tag="245" ind1="1" ind2="0">
    <subfield code="a">Prayers to the protector</subfield>
    <subfield code="h">[electronic resource] /</subfield>
    <subfield code="c">Thupten Pema Lama, Steve Roach.</subfield>
  </datafield>
  <datafield tag="260" ind1=" " ind2=" ">
    <subfield code="a">Tuscon, AZ :</subfield>
    <subfield code="b">Celestial Harmonies,</subfield>
    <subfield code="c">p2000.</subfield>
  </datafield>
  <datafield tag="300" ind1=" " ind2=" ">
    <subfield code="a">1 online resource.</subfield>
  </datafield>
  <datafield tag="500" ind1=" " ind2=" ">
    <subfield code="a">Previously released as a compact disc.</subfield>
  </datafield>
  <datafield tag="500" ind1=" " ind2=" ">
    <subfield code="a">Booklet includes notes and translation of chants.</subfield>
  </datafield>
  <datafield tag="505" ind1="0" ind2="0">
    <subfield code="t">Gyab do (Refuge prayer for all sentient beings);</subfield>
    <subfield code="t">Ganden lhagya (Prayer for Tsongkhapa, the founder of the Gelugpa sect)</subfield>
    <subfield code="g">(2:08) --</subfield>
    <subfield code="t">Dechen ngangle rangnyi lama le (Blessing of the place of meditation)</subfield>
    <subfield code="g">(15:01) --</subfield>
    <subfield code="t">Djewa takgya lingchee lhunbur (Prayer for the world or planet)</subfield>
    <subfield code="g">(8:48) --</subfield>
    <subfield code="t">Tokme dune meeke dikbeele (Purification prayer to dissolve all sins committed in past lives)</subfield>
    <subfield code="g">(8:32) --</subfield>
    <subfield code="t">Prayer to the protector (Instrumental)</subfield>
    <subfield code="g">(4:58) --</subfield>
    <subfield code="t">Yonden jungne tsultrim gyatso dje (Prayer to wisdom, to knowledge and religious voews)</subfield>
    <subfield code="g">(13:57).</subfield>
  </datafield>
  <datafield tag="650" ind1=" " ind2="0">
    <subfield code="a">Buddhist music</subfield>
    <subfield code="z">China</subfield>
    <subfield code="z">Tibet Autonomous Region Autonomous Region.</subfield>
  </datafield>
  <datafield tag="650" ind1=" " ind2="0">
    <subfield code="a">New Age music.</subfield>
  </datafield>
  <datafield tag="700" ind1="1" ind2=" ">
    <subfield code="a">Roach, Steve,</subfield>
    <subfield code="d">1955-</subfield>
  </datafield>
  <datafield tag="776" ind1="1" ind2=" ">
    <subfield code="c">Original publisher catalog number</subfield>
    <subfield code="o">131832</subfield>
  </datafield>
  <datafield tag="830" ind1=" " ind2="0">
    <subfield code="a">Contemporary world music</subfield>
    <subfield code="5">net</subfield>
  </datafield>
</record>