

<record xmlns="http://www.loc.gov/MARC21/slim"
xmlns:xsi="http://www.w3.org/2001/XMLSchema-instance"
xsi:schemaLocation="http://www.loc.gov/MARC21/slim
http://www.loc.gov/standards/marcxml/schema/MARC21slim.xsd">
  <leader>     cam a2200421Ia 4500</leader>
  <controlfield tag="001">013307110-3</controlfield>
  <controlfield tag="005">20130123144424.0</controlfield>
  <controlfield tag="008">120706s2011    cc a          000 0 tibod</controlfield>
  <datafield tag="020" ind1=" " ind2=" ">
    <subfield code="a">9787223029797 (v.1)</subfield>
  </datafield>
  <datafield tag="020" ind1=" " ind2=" ">
    <subfield code="a">9787223029780 (v.2)</subfield>
  </datafield>
  <datafield tag="020" ind1=" " ind2=" ">
    <subfield code="a">722302979X</subfield>
  </datafield>
  <datafield tag="035" ind1="0" ind2=" ">
    <subfield code="a">ocn798429007</subfield>
  </datafield>
  <datafield tag="040" ind1=" " ind2=" ">
    <subfield code="a">BCBTC</subfield>
    <subfield code="c">BCBTC</subfield>
    <subfield code="d">ZCU</subfield>
  </datafield>
  <datafield tag="041" ind1="1" ind2=" ">
    <subfield code="a">tib</subfield>
    <subfield code="a">chi</subfield>
    <subfield code="h">tib</subfield>
  </datafield>
  <datafield tag="043" ind1=" " ind2=" ">
    <subfield code="a">a-cc-ti</subfield>
  </datafield>
  <datafield tag="050" ind1=" " ind2="4">
    <subfield code="a">ND2849.N437</subfield>
    <subfield code="b">B63 2011</subfield>
  </datafield>
  <datafield tag="245" ind1="0" ind2="0">
    <subfield code="6">880-01</subfield>
    <subfield code="a">Bod kyi ldebs ris phyogs bsdus.</subfield>
    <subfield code="p">Mṅa-ris kyi pod =</subfield>
    <subfield code="b">Xizang bi hua quan ji.</subfield>
    <subfield code="p">Ali juan /</subfield>
    <subfield code="c">Xizang ren min chu ban she bi hua bian xie zu.</subfield>
  </datafield>
  <datafield tag="246" ind1="3" ind2="0">
    <subfield code="a">Mṅa-ris kyi pod</subfield>
  </datafield>
  <datafield tag="246" ind1="3" ind2="1">
    <subfield code="6">880-02</subfield>
    <subfield code="a">Xizang bi hua quan ji.</subfield>
    <subfield code="p">Ali juan</subfield>
  </datafield>
  <datafield tag="246" ind1="3" ind2="0">
    <subfield code="6">880-03</subfield>
    <subfield code="a">Ali juan</subfield>
  </datafield>
  <datafield tag="260" ind1=" " ind2=" ">
    <subfield code="a">Lha-sa :</subfield>
    <subfield code="b">Bod-ljoṅs mi dmaṅs dpe skrun khaṅ,</subfield>
    <subfield code="c">2011.</subfield>
  </datafield>
  <datafield tag="260" ind1=" " ind2=" ">
    <subfield code="6">880-04</subfield>
    <subfield code="a">Lasa :</subfield>
    <subfield code="b">Xizang ren min chu ban she,</subfield>
    <subfield code="c">2011.</subfield>
  </datafield>
  <datafield tag="300" ind1=" " ind2=" ">
    <subfield code="a">v. :</subfield>
    <subfield code="b">col. ill. ;</subfield>
    <subfield code="c">38 cm.</subfield>
  </datafield>
  <datafield tag="546" ind1=" " ind2=" ">
    <subfield code="a">In Tibetan and Chinese.</subfield>
  </datafield>
  <datafield tag="520" ind1=" " ind2=" ">
    <subfield code="a">Collection of Tibetan mural paintings or frescoes, with detailed color photographs from the monastery walls where they appear; e.g. various temples in Tsamda County (Zhada Xian), Ngari Prefecture (a.k.a. Guge).</subfield>
  </datafield>
  <datafield tag="505" ind1="0" ind2=" ">
    <subfield code="a">v. 1. Rtsa-mdaʼ Gu-ge lha khaṅ dmar po -- Rtsa-mdaʼ Gu-ge dkyil ʼkhor lha khaṅ -- v. 2. Rtsa-mdaʼ Gu-ge lha khaṅ dkar po -- Rtsa-mdaʼ Gu-ge ʼjigs byed lha khaṅ -- Rtsa-mdaʼ Gu-ge sgrol ma lha khaṅ.</subfield>
  </datafield>
  <datafield tag="650" ind1=" " ind2="0">
    <subfield code="a">Mural painting and decoration, Tibetan</subfield>
    <subfield code="z">China</subfield>
    <subfield code="z">Ngari Diqu.</subfield>
  </datafield>
  <datafield tag="650" ind1=" " ind2="0">
    <subfield code="a">Buddhist mural painting and decoration</subfield>
    <subfield code="z">China</subfield>
    <subfield code="z">Ngari Diqu.</subfield>
  </datafield>
  <datafield tag="650" ind1=" " ind2="0">
    <subfield code="a">Buddhist art</subfield>
    <subfield code="z">China</subfield>
    <subfield code="z">Ngari Diqu.</subfield>
  </datafield>
  <datafield tag="710" ind1="2" ind2=" ">
    <subfield code="6">880-05</subfield>
    <subfield code="a">Xizang ren min chu ban she.</subfield>
  </datafield>
  <datafield tag="880" ind1="0" ind2="0">
    <subfield code="6">245-01</subfield>
    <subfield code="a">Bod kyi ldebs ris phyogs bsdus.</subfield>
    <subfield code="p">Mṅa-ris kyi pod =</subfield>
    <subfield code="b">西藏壁画全集.</subfield>
    <subfield code="p">阿里卷 /</subfield>
    <subfield code="c">西藏人民出版社壁画编写组.</subfield>
  </datafield>
  <datafield tag="880" ind1="3" ind2="1">
    <subfield code="6">246-02</subfield>
    <subfield code="a">西藏壁画全集.</subfield>
    <subfield code="p">阿里卷</subfield>
  </datafield>
  <datafield tag="880" ind1="3" ind2="0">
    <subfield code="6">246-03</subfield>
    <subfield code="a">阿里卷</subfield>
  </datafield>
  <datafield tag="880" ind1=" " ind2=" ">
    <subfield code="6">260-04</subfield>
    <subfield code="a">拉萨 :</subfield>
    <subfield code="b">西藏人民出版社,</subfield>
    <subfield code="c">2011.</subfield>
  </datafield>
  <datafield tag="880" ind1="2" ind2=" ">
    <subfield code="6">710-05</subfield>
    <subfield code="a">西藏人民出版社.</subfield>
  </datafield>
</record>