

<record xmlns="http://www.loc.gov/MARC21/slim"
xmlns:xsi="http://www.w3.org/2001/XMLSchema-instance"
xsi:schemaLocation="http://www.loc.gov/MARC21/slim
http://www.loc.gov/standards/marcxml/schema/MARC21slim.xsd">
  <leader>     cam a2200457 a 4500</leader>
  <controlfield tag="001">013329989-9</controlfield>
  <controlfield tag="005">20120816175457.0</controlfield>
  <controlfield tag="008">100308s2008    np            000 0 tibod</controlfield>
  <datafield tag="010" ind1=" " ind2=" ">
    <subfield code="a">  2011352428</subfield>
  </datafield>
  <datafield tag="020" ind1=" " ind2=" ">
    <subfield code="a">9789937900454 (pbk.)</subfield>
  </datafield>
  <datafield tag="020" ind1=" " ind2=" ">
    <subfield code="a">993790045X (pbk.)</subfield>
  </datafield>
  <datafield tag="025" ind1=" " ind2=" ">
    <subfield code="a">N-Tib-2011352428; 02; 05-02</subfield>
  </datafield>
  <datafield tag="035" ind1="0" ind2=" ">
    <subfield code="a">ocn609983347</subfield>
  </datafield>
  <datafield tag="037" ind1=" " ind2=" ">
    <subfield code="b">Library of Congress -- New Delhi Overseas Office</subfield>
  </datafield>
  <datafield tag="040" ind1=" " ind2=" ">
    <subfield code="a">DKAGE</subfield>
    <subfield code="b">eng</subfield>
    <subfield code="c">DKAGE</subfield>
    <subfield code="d">DLC</subfield>
  </datafield>
  <datafield tag="042" ind1=" " ind2=" ">
    <subfield code="a">lccopycat</subfield>
    <subfield code="a">lcode</subfield>
  </datafield>
  <datafield tag="043" ind1=" " ind2=" ">
    <subfield code="a">a-cc-ti</subfield>
  </datafield>
  <datafield tag="050" ind1="0" ind2="0">
    <subfield code="a">BQ7662.6</subfield>
    <subfield code="b">.B75 2008</subfield>
  </datafield>
  <datafield tag="082" ind1="0" ind2="4">
    <subfield code="a">294.3443</subfield>
    <subfield code="2">22</subfield>
  </datafield>
  <datafield tag="245" ind1="0" ind2="0">
    <subfield code="a">Bskyed rdzogs gnad bsdus kyi ʼgrel ba nor buʼi snaṅ ba.</subfield>
  </datafield>
  <datafield tag="246" ind1="1" ind2="0">
    <subfield code="a">Lam źugs kyi gaṅ zag las daṅ po ba la phan pa&apos;i bskyed rdzogs dnad bsdus : Bskyed rdzogs gnad bsdus kyi ʼgrel ba nor buʼi snaṅ ba</subfield>
  </datafield>
  <datafield tag="246" ind1="1" ind2="0">
    <subfield code="a">Bskyed rdzogs gnad bsdus ʼgrel ba nor buʼi snaṅ ba</subfield>
  </datafield>
  <datafield tag="250" ind1=" " ind2=" ">
    <subfield code="a">1st ed.</subfield>
  </datafield>
  <datafield tag="260" ind1=" " ind2=" ">
    <subfield code="a">Kathmandu, Nepal :</subfield>
    <subfield code="b">Rigpe Dorje Publications,</subfield>
    <subfield code="c">2008.</subfield>
  </datafield>
  <datafield tag="300" ind1=" " ind2=" ">
    <subfield code="a">154 p. ;</subfield>
    <subfield code="c">23 cm.</subfield>
  </datafield>
  <datafield tag="490" ind1="1" ind2=" ">
    <subfield code="a">Blo gros mtha&apos; yas pa&apos;i mdzod ;</subfield>
    <subfield code="v">deb phreṅ 9</subfield>
  </datafield>
  <datafield tag="520" ind1=" " ind2=" ">
    <subfield code="a">On creation and completion, essential points of tantric meditation.</subfield>
  </datafield>
  <datafield tag="546" ind1=" " ind2=" ">
    <subfield code="a">In Tibetan.</subfield>
  </datafield>
  <datafield tag="500" ind1=" " ind2=" ">
    <subfield code="a">Title from cover.</subfield>
  </datafield>
  <datafield tag="500" ind1=" " ind2=" ">
    <subfield code="a">Lam źugs kyi gaṅ zag las daṅ po ba la phan paʼi bskyed rdzogs dnad bsdus / ʼJam-mgon Koṅ-sprul Yon-tan-rgya-mtsho. Bskyed rdzogs gnad bsdus kyi ʼgrel ba nor buʼi snaṅ ba / Sdom-bu-ba Padma-rnam-rgyal.</subfield>
  </datafield>
  <datafield tag="505" ind1="0" ind2=" ">
    <subfield code="a">Lam źugs kyi gaṅ zag las daṅ po ba la phan pa&apos;i bskyed rdzogs dnad bsdus / mdzad pa po, &apos;Jam mgon Koṅ sprul Yon tan rgya mtsho -- Bskyed rdzogs dnad bsdus kyi &apos;grel ba nor bu&apos;i snaṅ ba / mdzad pa po, Sdom bu ba Padma rnam rgyal.</subfield>
  </datafield>
  <datafield tag="650" ind1=" " ind2="0">
    <subfield code="a">Meditation</subfield>
    <subfield code="x">Rñiṅ-ma-pa (Sect)</subfield>
  </datafield>
  <datafield tag="650" ind1=" " ind2="0">
    <subfield code="a">Meditation</subfield>
    <subfield code="x">Tantric Buddhism.</subfield>
  </datafield>
  <datafield tag="650" ind1=" " ind2="0">
    <subfield code="a">Rñiṅ-ma-pa (Sect)</subfield>
    <subfield code="x">Rituals.</subfield>
  </datafield>
  <datafield tag="600" ind1="0" ind2="0">
    <subfield code="a">Koṅ-sprul Blo-gros-mthaʼ-yas,</subfield>
    <subfield code="d">1813-1899.</subfield>
    <subfield code="t">Lam źugs kyi gaṅ zag las daṅ po ba la phan paʼi bskyed rdzogs gnad bsdus.</subfield>
  </datafield>
  <datafield tag="700" ind1="0" ind2="2">
    <subfield code="a">Koṅ-sprul Blo-gros-mthaʼ-yas,</subfield>
    <subfield code="d">1813-1899.</subfield>
    <subfield code="t">Lam źugs kyi gaṅ zag las daṅ po ba la phan paʼi bskyed rdzogs gnad bsdus.</subfield>
  </datafield>
  <datafield tag="700" ind1="0" ind2="2">
    <subfield code="a">Padma-rnam-rgyal,</subfield>
    <subfield code="c">Sdom-bu-ba.</subfield>
    <subfield code="t">Bskyed rdzogs gnad bsdus kyi ʼgrel ba nor buʼi snaṅ ba.</subfield>
  </datafield>
  <datafield tag="740" ind1="0" ind2="2">
    <subfield code="a">Lam źugs kyi gaṅ zag las daṅ po ba la phan paʼi bskyed rdzogs dnad bsdus.</subfield>
  </datafield>
  <datafield tag="740" ind1="0" ind2="2">
    <subfield code="a">Bskyed rdzogs gnad bsdus kyi ʼgrel ba nor buʼi snaṅ ba</subfield>
  </datafield>
  <datafield tag="700" ind1="0" ind2="2">
    <subfield code="a">Padma-rnam-rgyal,</subfield>
    <subfield code="c">Sdom-bu-pa.</subfield>
    <subfield code="t">Bskyed rdzogs gnad bsdus kyi ʼgrel ba nor buʼi snaṅ ba.</subfield>
  </datafield>
  <datafield tag="830" ind1=" " ind2="0">
    <subfield code="a">Blo gros mtha&apos; yas pa&apos;i mdzod ;</subfield>
    <subfield code="v">deb phreṅ 9.</subfield>
  </datafield>
  <datafield tag="049" ind1=" " ind2=" ">
    <subfield code="a">HLSS</subfield>
  </datafield>
</record>