

<record xmlns="http://www.loc.gov/MARC21/slim"
xmlns:xsi="http://www.w3.org/2001/XMLSchema-instance"
xsi:schemaLocation="http://www.loc.gov/MARC21/slim
http://www.loc.gov/standards/marcxml/schema/MARC21slim.xsd">
  <leader>     cam a2200385 a 4500</leader>
  <controlfield tag="001">013330360-8</controlfield>
  <controlfield tag="005">20120907192048.0</controlfield>
  <controlfield tag="008">100308s2008    np            000 0 tibod</controlfield>
  <datafield tag="010" ind1=" " ind2=" ">
    <subfield code="a">  2011354744</subfield>
  </datafield>
  <datafield tag="020" ind1=" " ind2=" ">
    <subfield code="a">9789937900447</subfield>
  </datafield>
  <datafield tag="020" ind1=" " ind2=" ">
    <subfield code="a">9937900441</subfield>
  </datafield>
  <datafield tag="025" ind1=" " ind2=" ">
    <subfield code="a">N-Tib-2011-354744; 01; 13-01</subfield>
  </datafield>
  <datafield tag="035" ind1="0" ind2=" ">
    <subfield code="a">ocn609983344</subfield>
  </datafield>
  <datafield tag="037" ind1=" " ind2=" ">
    <subfield code="b">Library of Congress -- New Delhi Overseas Office</subfield>
  </datafield>
  <datafield tag="040" ind1=" " ind2=" ">
    <subfield code="a">DKAGE</subfield>
    <subfield code="b">eng</subfield>
    <subfield code="c">DKAGE</subfield>
    <subfield code="d">DLC</subfield>
  </datafield>
  <datafield tag="042" ind1=" " ind2=" ">
    <subfield code="a">lccopycat</subfield>
    <subfield code="a">lcode</subfield>
  </datafield>
  <datafield tag="050" ind1="0" ind2="0">
    <subfield code="a">BQ1885</subfield>
    <subfield code="b">.S25 2008</subfield>
  </datafield>
  <datafield tag="082" ind1="0" ind2="4">
    <subfield code="a">294.385</subfield>
    <subfield code="2">22</subfield>
  </datafield>
  <datafield tag="100" ind1="0" ind2=" ">
    <subfield code="a">Śākya-mchog-ldan,</subfield>
    <subfield code="c">Gser-mdog Paṇ-chen,</subfield>
    <subfield code="d">1428-1507.</subfield>
  </datafield>
  <datafield tag="245" ind1="1" ind2="0">
    <subfield code="a">Śer phyin gyi mdo daṅ mṅon rtogs rgyan gyi ʼgrel ba daṅ bcas paʼi dkaʼ gnad rnam gśad spyi don ñer mkho bsdud pa luṅ chos rgya mtshoʼi sñiṅ po /</subfield>
    <subfield code="c">mdzad pa po, Śākya-mhog-ldan Dri-med-legs-paʼi-blo-gros.</subfield>
  </datafield>
  <datafield tag="246" ind1="1" ind2="8">
    <subfield code="a">Mṅon rtogs rgyan gyi dkaʼ ʼgrel luṅ chos rgya tshoʼi sñiṅ po</subfield>
  </datafield>
  <datafield tag="250" ind1=" " ind2=" ">
    <subfield code="a">1st ed.</subfield>
  </datafield>
  <datafield tag="260" ind1=" " ind2=" ">
    <subfield code="a">Kathmandu :</subfield>
    <subfield code="b">Rigpe Dorje Publications,</subfield>
    <subfield code="c">2008.</subfield>
  </datafield>
  <datafield tag="300" ind1=" " ind2=" ">
    <subfield code="a">418 p. ;</subfield>
    <subfield code="c">23 cm.</subfield>
  </datafield>
  <datafield tag="490" ind1="1" ind2=" ">
    <subfield code="a">Blo gros mtha&apos; yas pa&apos;i mdzod ;</subfield>
    <subfield code="v">deb phreṅ 8</subfield>
  </datafield>
  <datafield tag="520" ind1=" " ind2=" ">
    <subfield code="a">A commentary on the clear realization from the Prajñāpāramitā.</subfield>
  </datafield>
  <datafield tag="546" ind1=" " ind2=" ">
    <subfield code="a">In Tibetan.</subfield>
  </datafield>
  <datafield tag="630" ind1="0" ind2="0">
    <subfield code="a">Tripiṭaka.</subfield>
    <subfield code="p">Sūtrapiṭaka.</subfield>
    <subfield code="p">Prajñāpāramitā</subfield>
    <subfield code="v">Commentaries</subfield>
    <subfield code="v">Early works to 1800.</subfield>
  </datafield>
  <datafield tag="650" ind1=" " ind2="0">
    <subfield code="a">Mahayana Buddhism</subfield>
    <subfield code="x">Doctrines.</subfield>
  </datafield>
  <datafield tag="710" ind1="2" ind2=" ">
    <subfield code="a">Rigpe Dorje Publications.</subfield>
  </datafield>
  <datafield tag="830" ind1=" " ind2="0">
    <subfield code="a">Blo gros mtha&apos; yas pa&apos;i mdzod ;</subfield>
    <subfield code="v">deb phreṅ 8.</subfield>
  </datafield>
  <datafield tag="049" ind1=" " ind2=" ">
    <subfield code="a">HLSS</subfield>
  </datafield>
</record>