

<record xmlns="http://www.loc.gov/MARC21/slim"
xmlns:xsi="http://www.w3.org/2001/XMLSchema-instance"
xsi:schemaLocation="http://www.loc.gov/MARC21/slim
http://www.loc.gov/standards/marcxml/schema/MARC21slim.xsd">
  <leader>     cam a2200397 a 4500</leader>
  <controlfield tag="001">013336060-1</controlfield>
  <controlfield tag="005">20120824131806.0</controlfield>
  <controlfield tag="008">100308s2009    np            000 0 tibod</controlfield>
  <datafield tag="010" ind1=" " ind2=" ">
    <subfield code="a">  2011352429</subfield>
  </datafield>
  <datafield tag="020" ind1=" " ind2=" ">
    <subfield code="a">9789937900461 (pbk.)</subfield>
  </datafield>
  <datafield tag="020" ind1=" " ind2=" ">
    <subfield code="a">9937900468 (pbk.)</subfield>
  </datafield>
  <datafield tag="025" ind1=" " ind2=" ">
    <subfield code="a">N-Tib-2011-352429; 01; 05-01</subfield>
  </datafield>
  <datafield tag="035" ind1="0" ind2=" ">
    <subfield code="a">ocn609983361</subfield>
  </datafield>
  <datafield tag="037" ind1=" " ind2=" ">
    <subfield code="b">Library of Congress -- New Delhi Overseas Office</subfield>
  </datafield>
  <datafield tag="040" ind1=" " ind2=" ">
    <subfield code="a">DKAGE</subfield>
    <subfield code="b">eng</subfield>
    <subfield code="c">DKAGE</subfield>
    <subfield code="d">DLC</subfield>
  </datafield>
  <datafield tag="042" ind1=" " ind2=" ">
    <subfield code="a">lccopycat</subfield>
    <subfield code="a">lcode</subfield>
  </datafield>
  <datafield tag="050" ind1="0" ind2="0">
    <subfield code="a">BC25</subfield>
    <subfield code="b">.R53 2009</subfield>
  </datafield>
  <datafield tag="082" ind1="0" ind2="4">
    <subfield code="a">181.043</subfield>
    <subfield code="2">22</subfield>
  </datafield>
  <datafield tag="245" ind1="0" ind2="0">
    <subfield code="a">Rigs gźuṅ rgya mtshoʼi ʼjug ṅogs baiḍūryaʼi them skas.</subfield>
  </datafield>
  <datafield tag="250" ind1=" " ind2=" ">
    <subfield code="a">1st ed.</subfield>
  </datafield>
  <datafield tag="260" ind1=" " ind2=" ">
    <subfield code="a">Kathmandu, Nepal :</subfield>
    <subfield code="b">Rigpe Dorje Publications,</subfield>
    <subfield code="c">2009.</subfield>
  </datafield>
  <datafield tag="300" ind1=" " ind2=" ">
    <subfield code="a">350 p. ;</subfield>
    <subfield code="c">23 cm.</subfield>
  </datafield>
  <datafield tag="490" ind1="1" ind2=" ">
    <subfield code="a">Blo gros mtha&apos; yas pa&apos;i mdzod ;</subfield>
    <subfield code="v">deb phreṅ 12</subfield>
  </datafield>
  <datafield tag="500" ind1=" " ind2=" ">
    <subfield code="a">Title from cover.</subfield>
  </datafield>
  <datafield tag="520" ind1=" " ind2=" ">
    <subfield code="a">General study on Buddhist logic.</subfield>
  </datafield>
  <datafield tag="546" ind1=" " ind2=" ">
    <subfield code="a">In Tibetan.</subfield>
  </datafield>
  <datafield tag="505" ind1="0" ind2=" ">
    <subfield code="a">Skye dguʼi bdag po la rigs lam gsal byed / mdzad pa po, Yoṅs-ʼdzin Rnam-rgyal-grags-pa -- Tshad maʼi mdo daṅ gźuṅ lugs sde bdun gyi de kho na ñid bsdus pa / mdzad pa po, Śākya-mchog-ldan Dri-med-legs-paʼi-blo-gros.</subfield>
  </datafield>
  <datafield tag="650" ind1=" " ind2="0">
    <subfield code="a">Buddhist logic.</subfield>
  </datafield>
  <datafield tag="700" ind1="0" ind2=" ">
    <subfield code="a">Rnam-rgyal-grags-pa.</subfield>
  </datafield>
  <datafield tag="700" ind1="0" ind2=" ">
    <subfield code="a">Dri-med-legs-paʹi-blo-gros.</subfield>
  </datafield>
  <datafield tag="700" ind1="0" ind2="2">
    <subfield code="a">Yoṅs-ʼdzin Rnam-rgyal-grags-pa,</subfield>
    <subfield code="d">active 16th century.</subfield>
    <subfield code="t">Skye dguʼi bdag po la rigs lam gsal byed.</subfield>
  </datafield>
  <datafield tag="700" ind1="0" ind2="2">
    <subfield code="a">Śākya-mchog-ldan,</subfield>
    <subfield code="c">Gser-mdog Paṇ-chen,</subfield>
    <subfield code="d">1428-1507.</subfield>
    <subfield code="t">Tshad maʼi mdo daṅ gźuṅ lugs sde bdun gyi de kho na ñid bsdus pa.</subfield>
  </datafield>
  <datafield tag="710" ind1="2" ind2=" ">
    <subfield code="a">Rigpe Dorje Publications.</subfield>
  </datafield>
  <datafield tag="830" ind1=" " ind2="0">
    <subfield code="a">Blo gros mtha&apos; yas pa&apos;i mdzod ;</subfield>
    <subfield code="v">deb phreṅ 12.</subfield>
  </datafield>
  <datafield tag="049" ind1=" " ind2=" ">
    <subfield code="a">HLSS</subfield>
  </datafield>
</record>