

<record xmlns="http://www.loc.gov/MARC21/slim"
xmlns:xsi="http://www.w3.org/2001/XMLSchema-instance"
xsi:schemaLocation="http://www.loc.gov/MARC21/slim
http://www.loc.gov/standards/marcxml/schema/MARC21slim.xsd">
  <leader>     cam a2200409 a 4500</leader>
  <controlfield tag="001">013336073-3</controlfield>
  <controlfield tag="005">20120824152347.0</controlfield>
  <controlfield tag="008">100308s2008    np af         000 0btibod</controlfield>
  <datafield tag="010" ind1=" " ind2=" ">
    <subfield code="a">  2011352425</subfield>
  </datafield>
  <datafield tag="020" ind1=" " ind2=" ">
    <subfield code="a">9789937900423 (pbk.)</subfield>
  </datafield>
  <datafield tag="020" ind1=" " ind2=" ">
    <subfield code="a">9937900425 (pbk.)</subfield>
  </datafield>
  <datafield tag="025" ind1=" " ind2=" ">
    <subfield code="a">N-Tib-2011-352425; 16</subfield>
  </datafield>
  <datafield tag="035" ind1="0" ind2=" ">
    <subfield code="a">ocn609983322</subfield>
  </datafield>
  <datafield tag="037" ind1=" " ind2=" ">
    <subfield code="b">Library of Congress -- New Delhi Overseas Office</subfield>
  </datafield>
  <datafield tag="040" ind1=" " ind2=" ">
    <subfield code="a">DKAGE</subfield>
    <subfield code="b">eng</subfield>
    <subfield code="c">DKAGE</subfield>
    <subfield code="d">DLC</subfield>
  </datafield>
  <datafield tag="042" ind1=" " ind2=" ">
    <subfield code="a">lccopycat</subfield>
    <subfield code="a">lcode</subfield>
  </datafield>
  <datafield tag="050" ind1="0" ind2="0">
    <subfield code="a">BQ966.A296</subfield>
    <subfield code="b">K37 2008</subfield>
  </datafield>
  <datafield tag="082" ind1="0" ind2="4">
    <subfield code="a">294.3923092</subfield>
    <subfield code="2">22</subfield>
  </datafield>
  <datafield tag="100" ind1="0" ind2=" ">
    <subfield code="a">Karma-blo-gros-ʼod-zer.</subfield>
  </datafield>
  <datafield tag="245" ind1="1" ind2="0">
    <subfield code="a">ʼJam mgon Koṅ-sprul sku phreṅ gñis pa dpal ldan Mkhyen-brtse-ʼod-zer gyi rnam thar kun khyab sñan paʼi ba dan /</subfield>
    <subfield code="c">mdzad pa po, Karma-blo-gros-ʼod-zer.</subfield>
  </datafield>
  <datafield tag="246" ind1="1" ind2="7">
    <subfield code="a">ʼJam mgon koṅ sprul sku phreṅ gñis paʼi rnam thar, kun khyab sñan paʼi ba dan</subfield>
  </datafield>
  <datafield tag="246" ind1="1" ind2="8">
    <subfield code="a">Dpal ldan Mkhyen-brtse-ʼod-zer gyi rnam thar kun khyab sñan paʼi ba dan</subfield>
  </datafield>
  <datafield tag="250" ind1=" " ind2=" ">
    <subfield code="a">1st ed.</subfield>
  </datafield>
  <datafield tag="260" ind1=" " ind2=" ">
    <subfield code="a">Kathmandu, Nepal :</subfield>
    <subfield code="b">Rigpe Dorje Publications,</subfield>
    <subfield code="c">2008.</subfield>
  </datafield>
  <datafield tag="300" ind1=" " ind2=" ">
    <subfield code="a">174 p., [3] leaves of plates :</subfield>
    <subfield code="b">ill. (chiefly col.) ;</subfield>
    <subfield code="c">23 cm.</subfield>
  </datafield>
  <datafield tag="490" ind1="1" ind2=" ">
    <subfield code="a">Blo gros mtha&apos; yas pa&apos;i mdzod ;</subfield>
    <subfield code="v">deb phreṅ 4</subfield>
  </datafield>
  <datafield tag="520" ind1=" " ind2=" ">
    <subfield code="a">Biography of &apos;Jam-dbyans-mkhyen-brtse&apos;i-&apos;od-zer, Kar-sras Kon-sprul, 1904-1953, the 2nd Jamgon Kongtrul.</subfield>
  </datafield>
  <datafield tag="546" ind1=" " ind2=" ">
    <subfield code="a">In Tibetan.</subfield>
  </datafield>
  <datafield tag="600" ind1="0" ind2="0">
    <subfield code="a">ʼJam-dbyaṅs-mkhyen-brtseʼi-ʼod-zer,</subfield>
    <subfield code="c">Kar-sras Koṅ-sprul,</subfield>
    <subfield code="d">1904-1953.</subfield>
  </datafield>
  <datafield tag="650" ind1=" " ind2="0">
    <subfield code="a">Bkaʼ-rgyud-pa lamas</subfield>
    <subfield code="z">China</subfield>
    <subfield code="z">Tibet Autonomous Region</subfield>
    <subfield code="v">Biography.</subfield>
  </datafield>
  <datafield tag="651" ind1=" " ind2="0">
    <subfield code="a">Tibet Autonomous Region (China)</subfield>
    <subfield code="v">Biography.</subfield>
  </datafield>
  <datafield tag="710" ind1="2" ind2=" ">
    <subfield code="a">Rigpe Dorje Publications.</subfield>
  </datafield>
  <datafield tag="830" ind1=" " ind2="0">
    <subfield code="a">Blo gros mtha&apos; yas pa&apos;i mdzod ;</subfield>
    <subfield code="v">deb phreṅ 4.</subfield>
  </datafield>
  <datafield tag="049" ind1=" " ind2=" ">
    <subfield code="a">HLSS</subfield>
  </datafield>
</record>