

<record xmlns="http://www.loc.gov/MARC21/slim"
xmlns:xsi="http://www.w3.org/2001/XMLSchema-instance"
xsi:schemaLocation="http://www.loc.gov/MARC21/slim
http://www.loc.gov/standards/marcxml/schema/MARC21slim.xsd">
  <leader>     ntm a22        4500</leader>
  <controlfield tag="001">013347503-4</controlfield>
  <controlfield tag="005">20120911142353.0</controlfield>
  <controlfield tag="008">020710nuuuuuuuumau          |||||||tib|d</controlfield>
  <datafield tag="040" ind1=" " ind2=" ">
    <subfield code="a">MH-H</subfield>
    <subfield code="c">MH-H</subfield>
    <subfield code="e">dacs</subfield>
  </datafield>
  <datafield tag="245" ind1="0" ind2="0">
    <subfield code="a">Arya-Astasahasrikaprajnaparamita :</subfield>
    <subfield code="k">manuscript,</subfield>
    <subfield code="f">undated.</subfield>
  </datafield>
  <datafield tag="300" ind1=" " ind2=" ">
    <subfield code="a">285 sheets (570 pages) in 2 boxes</subfield>
  </datafield>
  <datafield tag="351" ind1=" " ind2=" ">
    <subfield code="a">Unprocessed.</subfield>
  </datafield>
  <datafield tag="500" ind1=" " ind2=" ">
    <subfield code="a">Manuscript on paper.</subfield>
  </datafield>
  <datafield tag="520" ind1=" " ind2=" ">
    <subfield code="a">Tibetan translation of Sanskrit Buffhist text, Tohoku Catalogue no. 12.</subfield>
  </datafield>
  <datafield tag="500" ind1=" " ind2=" ">
    <subfield code="a">Written in gold ink on blue paper.</subfield>
  </datafield>
  <datafield tag="500" ind1=" " ind2=" ">
    <subfield code="a">Carved wood top board (bottom board lacking).</subfield>
  </datafield>
  <datafield tag="546" ind1=" " ind2=" ">
    <subfield code="a">In Tibetan.</subfield>
  </datafield>
  <datafield tag="650" ind1=" " ind2="0">
    <subfield code="a">Tibetan language</subfield>
    <subfield code="x">Texts.</subfield>
  </datafield>
</record>