

<record xmlns="http://www.loc.gov/MARC21/slim"
xmlns:xsi="http://www.w3.org/2001/XMLSchema-instance"
xsi:schemaLocation="http://www.loc.gov/MARC21/slim
http://www.loc.gov/standards/marcxml/schema/MARC21slim.xsd">
  <leader>     nam a2200493Ii 4500</leader>
  <controlfield tag="001">013353520-7</controlfield>
  <controlfield tag="005">20130403110348.0</controlfield>
  <controlfield tag="008">130403s2012    cc            001 0 tir d</controlfield>
  <datafield tag="020" ind1=" " ind2=" ">
    <subfield code="a">7800578380</subfield>
  </datafield>
  <datafield tag="020" ind1=" " ind2=" ">
    <subfield code="a">9787800578380</subfield>
  </datafield>
  <datafield tag="035" ind1="0" ind2=" ">
    <subfield code="a">ocn835102135</subfield>
  </datafield>
  <datafield tag="040" ind1=" " ind2=" ">
    <subfield code="a">HMY</subfield>
    <subfield code="b">eng</subfield>
    <subfield code="e">rda</subfield>
    <subfield code="c">HMY</subfield>
  </datafield>
  <datafield tag="041" ind1="0" ind2=" ">
    <subfield code="a">chi</subfield>
    <subfield code="f">tib</subfield>
    <subfield code="f">eng</subfield>
  </datafield>
  <datafield tag="043" ind1=" " ind2=" ">
    <subfield code="a">a-cc-ti</subfield>
  </datafield>
  <datafield tag="090" ind1=" " ind2=" ">
    <subfield code="a">DS786</subfield>
    <subfield code="b">.X645 2005 vol.29</subfield>
  </datafield>
  <datafield tag="245" ind1="0" ind2="0">
    <subfield code="6">880-01</subfield>
    <subfield code="a">Xizang Zizhiqu zhi.</subfield>
    <subfield code="p">Jian yan jian yi zhi /</subfield>
    <subfield code="c">Xizang Zizhiqu di fang zhi bian zuan wei yuan hui zong bian ; Xizang Zizhiqu zhi, jian yan jian yi zhi bian zuan wei yuan hui bian zhuan.</subfield>
  </datafield>
  <datafield tag="250" ind1=" " ind2=" ">
    <subfield code="6">880-02</subfield>
    <subfield code="a">Di 1 ban.</subfield>
  </datafield>
  <datafield tag="264" ind1=" " ind2="1">
    <subfield code="6">880-03</subfield>
    <subfield code="a">Beijing Shi :</subfield>
    <subfield code="b">Zhongguo zang xue chu ban she,</subfield>
    <subfield code="c">2012.</subfield>
  </datafield>
  <datafield tag="300" ind1=" " ind2=" ">
    <subfield code="a">188 pages ;</subfield>
    <subfield code="c">30 cm.</subfield>
  </datafield>
  <datafield tag="336" ind1=" " ind2=" ">
    <subfield code="a">text</subfield>
    <subfield code="2">rdacontent</subfield>
  </datafield>
  <datafield tag="337" ind1=" " ind2=" ">
    <subfield code="a">unmediated</subfield>
    <subfield code="2">rdamedia</subfield>
  </datafield>
  <datafield tag="338" ind1=" " ind2=" ">
    <subfield code="a">volume</subfield>
    <subfield code="2">rdacarrier</subfield>
  </datafield>
  <datafield tag="490" ind1="1" ind2=" ">
    <subfield code="6">880-04</subfield>
    <subfield code="a">Zhonghua Renmin Gongheguo di fang zhi cong shu</subfield>
  </datafield>
  <datafield tag="546" ind1=" " ind2=" ">
    <subfield code="a">Table of contents also in Tibetan language and English.</subfield>
  </datafield>
  <datafield tag="500" ind1=" " ind2=" ">
    <subfield code="a">Title also in Tibetan language.</subfield>
  </datafield>
  <datafield tag="500" ind1=" " ind2=" ">
    <subfield code="a">Includes index.</subfield>
  </datafield>
  <datafield tag="651" ind1=" " ind2="0">
    <subfield code="a">Tibet Autonomous Region (China)</subfield>
    <subfield code="x">History.</subfield>
  </datafield>
  <datafield tag="653" ind1=" " ind2=" ">
    <subfield code="6">880-05</subfield>
    <subfield code="a">Zhongguo fang zhi</subfield>
  </datafield>
  <datafield tag="710" ind1="2" ind2=" ">
    <subfield code="6">880-06</subfield>
    <subfield code="a">Xizang Zizhiqu di fang zhi bian zuan wei yuan hui.</subfield>
  </datafield>
  <datafield tag="710" ind1="2" ind2=" ">
    <subfield code="6">880-07</subfield>
    <subfield code="a">Xizang Zizhiqu zhi, jian yan jian yi zhi bian zuan wei yuan hui.</subfield>
  </datafield>
  <datafield tag="880" ind1="0" ind2="0">
    <subfield code="6">245-01</subfield>
    <subfield code="a">西藏自治区志.</subfield>
    <subfield code="p">检验检疫志 /</subfield>
    <subfield code="c">西藏自治区地方志编纂委员会总编 ; 西藏自治区志・检验检疫志编纂委员会编撰.</subfield>
  </datafield>
  <datafield tag="880" ind1=" " ind2=" ">
    <subfield code="6">250-02</subfield>
    <subfield code="a">第1版.</subfield>
  </datafield>
  <datafield tag="880" ind1=" " ind2="1">
    <subfield code="6">264-03</subfield>
    <subfield code="a">北京市 :</subfield>
    <subfield code="b">中国藏学出版社,</subfield>
    <subfield code="c">2012.</subfield>
  </datafield>
  <datafield tag="880" ind1="1" ind2=" ">
    <subfield code="6">490-04</subfield>
    <subfield code="a">中华人民共和国地方志丛书</subfield>
  </datafield>
  <datafield tag="880" ind1=" " ind2=" ">
    <subfield code="6">653-05</subfield>
    <subfield code="a">中国方志</subfield>
  </datafield>
  <datafield tag="880" ind1="2" ind2=" ">
    <subfield code="6">710-06</subfield>
    <subfield code="a">西藏自治区地方志编纂委员会.</subfield>
  </datafield>
  <datafield tag="880" ind1="2" ind2=" ">
    <subfield code="6">710-07</subfield>
    <subfield code="a">西藏自治区志・检验检疫志编纂委员会.</subfield>
  </datafield>
  <datafield tag="830" ind1=" " ind2="0">
    <subfield code="6">880-08</subfield>
    <subfield code="a">Zhonghua Renmin Gongheguo di fang zhi cong shu.</subfield>
  </datafield>
  <datafield tag="880" ind1=" " ind2="0">
    <subfield code="6">830-08</subfield>
    <subfield code="a">中华人民共和国地方志丛书.</subfield>
  </datafield>
  <datafield tag="049" ind1=" " ind2=" ">
    <subfield code="a">HMYC</subfield>
    <subfield code="o">d</subfield>
  </datafield>
</record>