

<record xmlns="http://www.loc.gov/MARC21/slim"
xmlns:xsi="http://www.w3.org/2001/XMLSchema-instance"
xsi:schemaLocation="http://www.loc.gov/MARC21/slim
http://www.loc.gov/standards/marcxml/schema/MARC21slim.xsd">
  <leader>     cam a2200349Ka 4500</leader>
  <controlfield tag="001">013402247-5</controlfield>
  <controlfield tag="005">20131108185815.0</controlfield>
  <controlfield tag="008">120301s2012    ne a     b    000 0 tib d</controlfield>
  <datafield tag="015" ind1=" " ind2=" ">
    <subfield code="a">24063296</subfield>
    <subfield code="2">bccb</subfield>
  </datafield>
  <datafield tag="020" ind1=" " ind2=" ">
    <subfield code="a">9789081861007</subfield>
  </datafield>
  <datafield tag="020" ind1=" " ind2=" ">
    <subfield code="a">908186100X</subfield>
  </datafield>
  <datafield tag="035" ind1="0" ind2=" ">
    <subfield code="a">ocn864837546</subfield>
  </datafield>
  <datafield tag="041" ind1="0" ind2=" ">
    <subfield code="a">tib</subfield>
    <subfield code="a">eng</subfield>
  </datafield>
  <datafield tag="043" ind1=" " ind2=" ">
    <subfield code="a">a-bt---</subfield>
    <subfield code="a">a-mp---</subfield>
  </datafield>
  <datafield tag="100" ind1="1" ind2=" ">
    <subfield code="a">Bodt, Timotheus A.</subfield>
  </datafield>
  <datafield tag="245" ind1="1" ind2="4">
    <subfield code="a">&apos;Brug śar phyogs luṅ pa daṅ śar mon gyi lo rgyus daṅ mi rigs skad rigs lugs srol rnams kyi gsal ba&apos;i sgron me gsar pa =</subfield>
    <subfield code="b">The new lamp clarifying the history, peoples, languages and traditions of eastern Bhutan and eastern Mon /</subfield>
    <subfield code="c">Timotheus A. Bodt.</subfield>
  </datafield>
  <datafield tag="246" ind1="3" ind2="1">
    <subfield code="a">New lamp clarifying the history, peoples, languages and traditions of eastern Bhutan and eastern Mon</subfield>
  </datafield>
  <datafield tag="246" ind1="1" ind2="8">
    <subfield code="a">History, peoples, languages and traditions of eastern Bhutan and eastern Mon</subfield>
  </datafield>
  <datafield tag="250" ind1=" " ind2=" ">
    <subfield code="a">2nd ed.</subfield>
  </datafield>
  <datafield tag="260" ind1=" " ind2=" ">
    <subfield code="a">Wageningen :</subfield>
    <subfield code="b">Monpasang Publications,</subfield>
    <subfield code="c">c2012.</subfield>
  </datafield>
  <datafield tag="300" ind1=" " ind2=" ">
    <subfield code="a">xvi, 570 p. :</subfield>
    <subfield code="b">ill. (some col.), maps (some col.) ;</subfield>
    <subfield code="c">24 cm.</subfield>
  </datafield>
  <datafield tag="504" ind1=" " ind2=" ">
    <subfield code="a">Includes bibliographical references.</subfield>
  </datafield>
  <datafield tag="651" ind1=" " ind2="0">
    <subfield code="a">Bhutan</subfield>
    <subfield code="x">History.</subfield>
  </datafield>
  <datafield tag="651" ind1=" " ind2="0">
    <subfield code="a">Mongolia</subfield>
    <subfield code="x">History.</subfield>
  </datafield>
  <datafield tag="651" ind1=" " ind2="0">
    <subfield code="a">Bhutan</subfield>
    <subfield code="x">Civilization.</subfield>
  </datafield>
  <datafield tag="651" ind1=" " ind2="0">
    <subfield code="a">Mongolia</subfield>
    <subfield code="x">Civilization.</subfield>
  </datafield>
  <datafield tag="651" ind1=" " ind2="0">
    <subfield code="a">Bhutan</subfield>
    <subfield code="x">Languages.</subfield>
  </datafield>
  <datafield tag="651" ind1=" " ind2="0">
    <subfield code="a">Mongolia</subfield>
    <subfield code="x">Languages.</subfield>
  </datafield>
</record>