

<record xmlns="http://www.loc.gov/MARC21/slim"
xmlns:xsi="http://www.w3.org/2001/XMLSchema-instance"
xsi:schemaLocation="http://www.loc.gov/MARC21/slim
http://www.loc.gov/standards/marcxml/schema/MARC21slim.xsd">
  <leader>     cam a2200373Ia 4500</leader>
  <controlfield tag="001">013410642-3</controlfield>
  <controlfield tag="005">20121108132451.0</controlfield>
  <controlfield tag="008">971211s1990    cc            000 0btibo</controlfield>
  <datafield tag="010" ind1=" " ind2=" ">
    <subfield code="a">   97915844</subfield>
  </datafield>
  <datafield tag="020" ind1=" " ind2=" ">
    <subfield code="a">7800570223</subfield>
  </datafield>
  <datafield tag="020" ind1=" " ind2=" ">
    <subfield code="a">9787800570223</subfield>
  </datafield>
  <datafield tag="035" ind1="0" ind2=" ">
    <subfield code="a">ocn816841903</subfield>
  </datafield>
  <datafield tag="043" ind1=" " ind2=" ">
    <subfield code="a">a-cc-ti</subfield>
  </datafield>
  <datafield tag="050" ind1="0" ind2="0">
    <subfield code="a">BQ7989.B577</subfield>
    <subfield code="b">B75 1990</subfield>
  </datafield>
  <datafield tag="100" ind1="0" ind2=" ">
    <subfield code="a">Bskal-bzaṅ-btsan-paʼi-rgyal-mtshan.</subfield>
  </datafield>
  <datafield tag="245" ind1="1" ind2="0">
    <subfield code="a">Śar-rdza Bkra-śis-rgyal-mtshan gyi rnam thar /</subfield>
    <subfield code="c">Dbra-ston Bskal-bzaṅ-btsan-paʼi-rgyal-mtshan.</subfield>
  </datafield>
  <datafield tag="246" ind1="1" ind2="5">
    <subfield code="a">Rje btsun bla ma dam pa ṅes pa don gyi gʼyuṅ druṅ ʼchaṅ dbaṅ dpal Śar-rdza-ba chen po Bkra-śis-rgyal-mtshan dpal bzaṅ poʼi rnam par thar pa ṅo mtshar nor buʼi phreṅ ba thar ʼdod mkhas paʼi mgul rgyan</subfield>
  </datafield>
  <datafield tag="246" ind1="1" ind2=" ">
    <subfield code="6">880-01</subfield>
    <subfield code="i">Chinese colophon title:</subfield>
    <subfield code="a">Xiaza Zaxijianzan zhuan.</subfield>
  </datafield>
  <datafield tag="250" ind1=" " ind2=" ">
    <subfield code="a">Par theṇs 1.</subfield>
  </datafield>
  <datafield tag="260" ind1=" " ind2=" ">
    <subfield code="a">[Beijing] :</subfield>
    <subfield code="b">Kruṅ-goʼi Bod kyi śes rig dpe skrun khaṅ :</subfield>
    <subfield code="b">Mtsho-sṅon Źiṅ-chen Źin-hwa dpe tshoṅ khaṅ gis bskrun,</subfield>
    <subfield code="c">1990.</subfield>
  </datafield>
  <datafield tag="300" ind1=" " ind2=" ">
    <subfield code="a">5, 3, 1, 446 p. ;</subfield>
    <subfield code="c">21 cm.</subfield>
  </datafield>
  <datafield tag="546" ind1=" " ind2=" ">
    <subfield code="a">In Tibetan.</subfield>
  </datafield>
  <datafield tag="520" ind1=" " ind2=" ">
    <subfield code="a">Biography of Bonpo master Śar-rdza Bkra-śis-rgyal-mtshan, 1859-1933.</subfield>
  </datafield>
  <datafield tag="600" ind1="0" ind2="0">
    <subfield code="a">Bkra-śis-rgyal-mtshan,</subfield>
    <subfield code="c">Śar-rdza,</subfield>
    <subfield code="d">1859-1933.</subfield>
  </datafield>
  <datafield tag="650" ind1=" " ind2="0">
    <subfield code="a">Bon lamas</subfield>
    <subfield code="z">China</subfield>
    <subfield code="z">Tibet Autonomous Region</subfield>
    <subfield code="v">Biography.</subfield>
  </datafield>
  <datafield tag="651" ind1=" " ind2="0">
    <subfield code="a">Tibet Autonomous Region (China)</subfield>
    <subfield code="v">Biography.</subfield>
  </datafield>
  <datafield tag="880" ind1="1" ind2=" ">
    <subfield code="6">246-01</subfield>
    <subfield code="i">Chinese colophon title:</subfield>
    <subfield code="a">夏尔杂 ·扎西坚赞传.</subfield>
  </datafield>
  <datafield tag="049" ind1=" " ind2=" ">
    <subfield code="a">HLSS</subfield>
  </datafield>
  <datafield tag="987" ind1=" " ind2=" ">
    <subfield code="a">PINYIN</subfield>
    <subfield code="b">DLC</subfield>
    <subfield code="c">20040928</subfield>
    <subfield code="d">c</subfield>
  </datafield>
</record>