

<record xmlns="http://www.loc.gov/MARC21/slim"
xmlns:xsi="http://www.w3.org/2001/XMLSchema-instance"
xsi:schemaLocation="http://www.loc.gov/MARC21/slim
http://www.loc.gov/standards/marcxml/schema/MARC21slim.xsd">
  <leader>     nam a2200337Ki 4500</leader>
  <controlfield tag="001">013455000-5</controlfield>
  <controlfield tag="005">20121109152746.0</controlfield>
  <controlfield tag="006">m        d</controlfield>
  <controlfield tag="008">120518s1978    ii      o     000 0btibod</controlfield>
  <datafield tag="035" ind1=" " ind2=" ">
    <subfield code="a">(Crl)b28353596</subfield>
  </datafield>
  <datafield tag="035" ind1="0" ind2=" ">
    <subfield code="a">ocn793915907</subfield>
  </datafield>
  <datafield tag="040" ind1=" " ind2=" ">
    <subfield code="a">CRL</subfield>
    <subfield code="c">CRL</subfield>
    <subfield code="d">MH</subfield>
  </datafield>
  <datafield tag="100" ind1="0" ind2=" ">
    <subfield code="a">Padma-gliṅ-pa,</subfield>
    <subfield code="c">Gter-ston,</subfield>
    <subfield code="d">1450?-</subfield>
  </datafield>
  <datafield tag="245" ind1="1" ind2="0">
    <subfield code="a">O rgyan Padma ʼbyuṅ gnas kyi ʼkhruṅs rabs Saṅs rgyas bstan paʼi chos ʼbyuṅ mun sel sgron me :</subfield>
    <subfield code="b">the famed life of Guru Padmasambhava revealed from its place of concealment /</subfield>
    <subfield code="c">by Gter-chen Padma-gliṅ-pa. Sprul paʼi sras mchog Zla ba rgyal mtshan gyi rnam thar rin chen rgyan mdzes : the life of Padma-gliṅ-paʼs chief disciple, Thugs-sras Zla-ba-rgyal-mtshan.</subfield>
  </datafield>
  <datafield tag="260" ind1=" " ind2=" ">
    <subfield code="a">Sumra, H.P. :</subfield>
    <subfield code="b">Urgyan Dorji,</subfield>
    <subfield code="c">1978.</subfield>
  </datafield>
  <datafield tag="300" ind1=" " ind2=" ">
    <subfield code="a">1 online resource (2 v.)</subfield>
  </datafield>
  <datafield tag="500" ind1=" " ind2=" ">
    <subfield code="a">Cover title: Padma ʼbyuṅ gnas kyi bkaʼ tahṅ rgyas pa.</subfield>
  </datafield>
  <datafield tag="500" ind1=" " ind2=" ">
    <subfield code="a">In Tibetan; pref. in English.</subfield>
  </datafield>
  <datafield tag="500" ind1=" " ind2=" ">
    <subfield code="a">&quot;Reproduced from ancient manuscripts from the monastery of Sumra Gsaṅ-sṅags-chos-gliṅ.&quot;</subfield>
  </datafield>
  <datafield tag="588" ind1=" " ind2=" ">
    <subfield code="a">Description based on print version record.</subfield>
  </datafield>
  <datafield tag="600" ind1="0" ind2="0">
    <subfield code="a">Padma Sambhava,</subfield>
    <subfield code="d">approximately 717-approximately 762.</subfield>
  </datafield>
  <datafield tag="600" ind1="1" ind2="0">
    <subfield code="a">Zla-ba-rgyal-mtshan, Thugs-sras.</subfield>
  </datafield>
  <datafield tag="650" ind1=" " ind2="0">
    <subfield code="a">Lamas</subfield>
    <subfield code="z">China</subfield>
    <subfield code="z">Tibet Autonomous Region</subfield>
    <subfield code="v">Biography.</subfield>
  </datafield>
  <datafield tag="700" ind1="0" ind2=" ">
    <subfield code="a">Sprul paʼi sras mchog Zla ba rgyal mtshan gyi rnam thar rin chen rgyan mdzes.</subfield>
  </datafield>
  <datafield tag="740" ind1="0" ind2=" ">
    <subfield code="a">Padma ʼbyuṅ gnas kyi bkaʼ thaṅ rgyas pa.</subfield>
  </datafield>
  <datafield tag="776" ind1="0" ind2="8">
    <subfield code="i">Print version:</subfield>
    <subfield code="a">Padma-gliṅ-pa, Gter-ston, b. 1450?</subfield>
    <subfield code="t">O rgyan Padma ʼbyuṅ gnas kyi ʼkhruṅs rabs Saṅs rgyas bstan paʼi chos ʼbyuṅ mun sel sgron me.</subfield>
    <subfield code="d">Sumra, H.P. : Urgyan Dorji, 1978</subfield>
    <subfield code="w">(DLC) 78906166</subfield>
    <subfield code="w">(OCoLC)4633498.</subfield>
  </datafield>
</record>