

<record xmlns="http://www.loc.gov/MARC21/slim"
xmlns:xsi="http://www.w3.org/2001/XMLSchema-instance"
xsi:schemaLocation="http://www.loc.gov/MARC21/slim
http://www.loc.gov/standards/marcxml/schema/MARC21slim.xsd">
  <leader>     cam a2200457Ka 4500</leader>
  <controlfield tag="001">013495695-8</controlfield>
  <controlfield tag="005">20121130103929.0</controlfield>
  <controlfield tag="006">m        d</controlfield>
  <controlfield tag="008">100521s1982    ii a    o     000 0ctib d</controlfield>
  <datafield tag="035" ind1=" " ind2=" ">
    <subfield code="a">(Crl)b28315637</subfield>
  </datafield>
  <datafield tag="035" ind1="0" ind2=" ">
    <subfield code="a">ocn624393893</subfield>
  </datafield>
  <datafield tag="040" ind1=" " ind2=" ">
    <subfield code="a">OCLCE</subfield>
    <subfield code="b">eng</subfield>
    <subfield code="c">OCLCE</subfield>
    <subfield code="d">OCLCQ</subfield>
    <subfield code="d">CRL</subfield>
    <subfield code="d">MH</subfield>
  </datafield>
  <datafield tag="042" ind1=" " ind2=" ">
    <subfield code="a">dlr</subfield>
  </datafield>
  <datafield tag="043" ind1=" " ind2=" ">
    <subfield code="a">a-cc-ti</subfield>
  </datafield>
  <datafield tag="050" ind1=" " ind2="4">
    <subfield code="a">R604.A1</subfield>
    <subfield code="b">L48 1984</subfield>
  </datafield>
  <datafield tag="100" ind1="0" ind2=" ">
    <subfield code="a">Lhun-grub-bkra-śis,</subfield>
    <subfield code="c">Jo-bo.</subfield>
  </datafield>
  <datafield tag="245" ind1="1" ind2="0">
    <subfield code="a">Gʼyu thog gsar rñiṅ gi rnam thar :</subfield>
    <subfield code="b">biographies of Gʼyu-thog Yon-tan-mgon-po the elder and younger /</subfield>
    <subfield code="c">by Jo-bo Lhun-grub-bkra-śis and Dar-mo Sman-rams-pa Blo-bzaṅ-chos-grags ; edited from the Fifth Dalai Lama&apos;s Lhasa Old Źol printery xylographic redaction.</subfield>
  </datafield>
  <datafield tag="260" ind1=" " ind2=" ">
    <subfield code="a">Leh :</subfield>
    <subfield code="b">D.W. Tashigang,</subfield>
    <subfield code="c">1984.</subfield>
  </datafield>
  <datafield tag="300" ind1=" " ind2=" ">
    <subfield code="a">1 online resource (4, 348 p.) :</subfield>
    <subfield code="b">ill.</subfield>
  </datafield>
  <datafield tag="490" ind1="1" ind2=" ">
    <subfield code="a">Smanrtsis shesrig spendzod ;</subfield>
    <subfield code="v">v. 133.</subfield>
  </datafield>
  <datafield tag="500" ind1=" " ind2=" ">
    <subfield code="a">In Tibetan.</subfield>
  </datafield>
  <datafield tag="500" ind1=" " ind2=" ">
    <subfield code="a">&quot;Reprinted from the 1982 Beijing Peoples&apos; Publishing House edition by O-rgyan Rnam-rgyal.&quot;</subfield>
  </datafield>
  <datafield tag="538" ind1=" " ind2=" ">
    <subfield code="a">Master and use copy. Digital master created according to Benchmark for Faithful Digital Reproductions of Monographs and Serials, Version 1. Digital Library Federation, December 2002.</subfield>
    <subfield code="u">http://purl.oclc.org/DLF/benchrepro0212</subfield>
    <subfield code="5">MiAaHDL.</subfield>
  </datafield>
  <datafield tag="588" ind1=" " ind2=" ">
    <subfield code="a">Description based on print version record.</subfield>
  </datafield>
  <datafield tag="600" ind1="0" ind2="0">
    <subfield code="a">Dʼyu-thog Yon-tan-mgon-po.</subfield>
  </datafield>
  <datafield tag="600" ind1="0" ind2="0">
    <subfield code="a">Dʼyu-thog Yon-tan-mgon-po,</subfield>
    <subfield code="d">active 11th century.</subfield>
  </datafield>
  <datafield tag="600" ind1="0" ind2="0">
    <subfield code="a">Blo-bzaṅ-chos-grags,</subfield>
    <subfield code="c">Dar-mo Sman-rams-pa,</subfield>
    <subfield code="d">active 17th century.</subfield>
  </datafield>
  <datafield tag="650" ind1=" " ind2="0">
    <subfield code="a">Physicians</subfield>
    <subfield code="z">China</subfield>
    <subfield code="z">Tibet Autonomous Region</subfield>
    <subfield code="v">Biography.</subfield>
  </datafield>
  <datafield tag="700" ind1="0" ind2=" ">
    <subfield code="a">Ṅag-dbaṅ-blo-bzaṅ-rgya-mtsho,</subfield>
    <subfield code="c">Dalai Lama V,</subfield>
    <subfield code="d">1617-1682.</subfield>
  </datafield>
  <datafield tag="776" ind1="0" ind2="8">
    <subfield code="i">Print version:</subfield>
    <subfield code="a">Lhun-grub-bkra-śis, Jo-bo.</subfield>
    <subfield code="t">Gʼyu thog gsar rñiṅ gi rnam thar.</subfield>
    <subfield code="d">Leh : D.W. Tashigang, 1984</subfield>
    <subfield code="w">(DLC) 85902568</subfield>
    <subfield code="w">(OCoLC)19724556.</subfield>
  </datafield>
  <datafield tag="830" ind1=" " ind2="0">
    <subfield code="a">Smanrtsis shesrig spendzod ;</subfield>
    <subfield code="v">v. 133.</subfield>
    <subfield code="5">crl</subfield>
  </datafield>
</record>