

<record xmlns="http://www.loc.gov/MARC21/slim"
xmlns:xsi="http://www.w3.org/2001/XMLSchema-instance"
xsi:schemaLocation="http://www.loc.gov/MARC21/slim
http://www.loc.gov/standards/marcxml/schema/MARC21slim.xsd">
  <leader>     nam a2200337Ka 4500</leader>
  <controlfield tag="001">013505073-1</controlfield>
  <controlfield tag="005">20121203162428.0</controlfield>
  <controlfield tag="006">m        d</controlfield>
  <controlfield tag="008">120523s1957    ii      o     000 0 tib d</controlfield>
  <datafield tag="035" ind1=" " ind2=" ">
    <subfield code="a">(Crl)b28371793</subfield>
  </datafield>
  <datafield tag="035" ind1="0" ind2=" ">
    <subfield code="a">ocn794175865</subfield>
  </datafield>
  <datafield tag="040" ind1=" " ind2=" ">
    <subfield code="a">CRL</subfield>
    <subfield code="c">CRL</subfield>
    <subfield code="d">MH</subfield>
  </datafield>
  <datafield tag="100" ind1="0" ind2=" ">
    <subfield code="a">Harṣavardhana,</subfield>
    <subfield code="c">King of Thānesar and Kanauj,</subfield>
    <subfield code="d">active 606-647.</subfield>
  </datafield>
  <datafield tag="245" ind1="1" ind2="0">
    <subfield code="a">Nāgānanda /</subfield>
    <subfield code="c">edited with introduction and notes by Vidhushekhara Bhattacharya.</subfield>
  </datafield>
  <datafield tag="260" ind1=" " ind2=" ">
    <subfield code="a">Calcutta :</subfield>
    <subfield code="b">Asiatic Society,</subfield>
    <subfield code="c">[1957]</subfield>
  </datafield>
  <datafield tag="300" ind1=" " ind2=" ">
    <subfield code="a">1 online resource (xii, 258 p.)</subfield>
  </datafield>
  <datafield tag="490" ind1="1" ind2=" ">
    <subfield code="a">Bibliothecaindica ;</subfield>
    <subfield code="v">work no. 281, issue no. 1534.</subfield>
  </datafield>
  <datafield tag="500" ind1=" " ind2=" ">
    <subfield code="a">Added t.p.: Rgya gar skad tu Nā-gā-nanda-nāṭaka, dpal dga&apos; ba&apos;i lhas mdzad pa-Bad skad tu ku Kun tu dga&apos;ba źes bya ba&apos;i zlos gar.</subfield>
  </datafield>
  <datafield tag="500" ind1=" " ind2=" ">
    <subfield code="a">Tibetan and Sanskrit, with interlineal Sanskrit translations of the Tibetan; foreword in English.</subfield>
  </datafield>
  <datafield tag="588" ind1=" " ind2=" ">
    <subfield code="a">Description based on print version record.</subfield>
  </datafield>
  <datafield tag="600" ind1="0" ind2="0">
    <subfield code="a">Harṣavardhana,</subfield>
    <subfield code="c">King of Thānesar and Kanauj,</subfield>
    <subfield code="d">active 606-647.</subfield>
    <subfield code="t">Nāgānanda.</subfield>
  </datafield>
  <datafield tag="600" ind1="0" ind2="0">
    <subfield code="a">Harṣavardhana,</subfield>
    <subfield code="c">King of Thānesar and Kanauj,</subfield>
    <subfield code="d">active 606-647</subfield>
    <subfield code="x">Language</subfield>
    <subfield code="v">Glossaries, vocabularies, etc.</subfield>
  </datafield>
  <datafield tag="700" ind1="1" ind2=" ">
    <subfield code="a">Bhattacharya, Vidhushekhara.</subfield>
  </datafield>
  <datafield tag="740" ind1="0" ind2="0">
    <subfield code="a">Rgya gar skad tu Nā-gā-nanda-nāṭaka, dpal dga&apos; ba&apos;i lhas mdzad pa-Bad skad tu ku Kun tu dga&apos;ba źes bya ba&apos;i zlos gar.</subfield>
  </datafield>
  <datafield tag="776" ind1="0" ind2="8">
    <subfield code="i">Print version:</subfield>
    <subfield code="a">Harṣavardhana, King of Thānesar and Kanauj, fl. 606-647.</subfield>
    <subfield code="t">Nāgānanda.</subfield>
    <subfield code="d">Calcutta : Asiatic Society, [1957]</subfield>
    <subfield code="w">(DLC) 72902415</subfield>
    <subfield code="w">(OCoLC)7467359.</subfield>
  </datafield>
  <datafield tag="830" ind1=" " ind2="0">
    <subfield code="a">Bibliotheca Indica ;</subfield>
    <subfield code="v">work no. 281.</subfield>
    <subfield code="5">crl</subfield>
  </datafield>
</record>