

<record xmlns="http://www.loc.gov/MARC21/slim"
xmlns:xsi="http://www.w3.org/2001/XMLSchema-instance"
xsi:schemaLocation="http://www.loc.gov/MARC21/slim
http://www.loc.gov/standards/marcxml/schema/MARC21slim.xsd">
  <leader>     cam a2200421 a 4500</leader>
  <controlfield tag="001">013514529-5</controlfield>
  <controlfield tag="005">20130404164509.0</controlfield>
  <controlfield tag="008">120119s2010    cc            000 0 tibod</controlfield>
  <datafield tag="010" ind1=" " ind2=" ">
    <subfield code="a">  2011322419</subfield>
  </datafield>
  <datafield tag="020" ind1=" " ind2=" ">
    <subfield code="a">9787105105304</subfield>
  </datafield>
  <datafield tag="020" ind1=" " ind2=" ">
    <subfield code="a">7105105305</subfield>
  </datafield>
  <datafield tag="025" ind1=" " ind2=" ">
    <subfield code="a">Ch-Tib-2011-322419; 16</subfield>
  </datafield>
  <datafield tag="035" ind1="0" ind2=" ">
    <subfield code="a">ocn664275224</subfield>
  </datafield>
  <datafield tag="037" ind1=" " ind2=" ">
    <subfield code="b">Library of Congress -- New Delhi Overseas Office</subfield>
  </datafield>
  <datafield tag="040" ind1=" " ind2=" ">
    <subfield code="a">ZCU</subfield>
    <subfield code="c">ZCU</subfield>
    <subfield code="d">DLC</subfield>
  </datafield>
  <datafield tag="042" ind1=" " ind2=" ">
    <subfield code="a">lccopycat</subfield>
    <subfield code="a">lcode</subfield>
  </datafield>
  <datafield tag="043" ind1=" " ind2=" ">
    <subfield code="a">a-cc-ts</subfield>
  </datafield>
  <datafield tag="050" ind1="0" ind2="0">
    <subfield code="a">DS793.R43</subfield>
    <subfield code="b">J36 2010</subfield>
  </datafield>
  <datafield tag="100" ind1="0" ind2=" ">
    <subfield code="a">ʼJam-dbyaṅs-bsod-nams-grags-pa,</subfield>
    <subfield code="c">Rgya-bzaʼi Dge-bśes,</subfield>
    <subfield code="d">1486-1573.</subfield>
  </datafield>
  <datafield tag="245" ind1="1" ind2="0">
    <subfield code="a">Reb-koṅ rus mdzod bźugs so /</subfield>
    <subfield code="c">Rgya-bzaʼi Dge-bśes ʼJam-dbyaṅs-bsod-nams-grags-pas mdzad.</subfield>
  </datafield>
  <datafield tag="246" ind1="1" ind2="4">
    <subfield code="a">Reb-koṅ rus mdzod lha ba mkhaʼ khyab phyogs bral</subfield>
  </datafield>
  <datafield tag="246" ind1="1" ind2=" ">
    <subfield code="6">880-01</subfield>
    <subfield code="i">Chinese title in CIP data:</subfield>
    <subfield code="a">Regong zu pu</subfield>
  </datafield>
  <datafield tag="250" ind1=" " ind2=" ">
    <subfield code="a">Par theṅs 1.</subfield>
  </datafield>
  <datafield tag="260" ind1=" " ind2=" ">
    <subfield code="a">Pe-cin :</subfield>
    <subfield code="b">Mi-rigs Dpe-skrun-khaṅ,</subfield>
    <subfield code="c">2010.</subfield>
  </datafield>
  <datafield tag="300" ind1=" " ind2=" ">
    <subfield code="a">2, 4, 749 p. ;</subfield>
    <subfield code="c">26 cm.</subfield>
  </datafield>
  <datafield tag="490" ind1="1" ind2=" ">
    <subfield code="a">Sṅags maṅ dpe tshogs ;</subfield>
    <subfield code="v">19</subfield>
  </datafield>
  <datafield tag="546" ind1=" " ind2=" ">
    <subfield code="a">In Tibetan.</subfield>
  </datafield>
  <datafield tag="520" ind1=" " ind2=" ">
    <subfield code="a">A survey of the tribal or local divisions in Reb-koṅ, including the origins, history, and family genealogies.</subfield>
  </datafield>
  <datafield tag="505" ind1="0" ind2=" ">
    <subfield code="a">Roṅ bo blon chos kyi rus mdzod -- ʼOṅ stag tsho ba bco brgyad kyi rus mdzod -- Skyid ñin luṅ gi rus mdzod -- Dme tshaṅ gi rus mdzod -- Blon chos Bal-bzaʼi rus mdzod -- Sṅags saʼi rus mdzod -- Rta bor rus mdzod -- Dgon goṅ maʼi rus mdzod -- Mgar rtse sde baʼi rus mdzod -- Btsan mo sde baʼi rus mdzod -- Hor gyi rus mdzod -- Hor gʹyu rṅogs gyi rus mdzod -- Rmog ser gyi rus mdzod -- Bse yar naṅ mar naṅ źes paʼi bse yar naṅ gi Goʼu-bde sde brgyad tsho dguʼi rus mdzod -- Bse mkhar zla lṅa daṅ Bse to ri ñin śog kha lṅa źes paʼi rus mdzod -- Bse chu maʼi rus mdzod -- ʼJaʼ moʼi rus mdzod -- Brgyal bu rlaṅs kyi rus mdzod -- Brgyal bu rlaṅs tshaṅ sgaṅ stag ge sde baʼi rus mdzod -- Tsho bźiʼi rus mdzod -- Źo-raʼam Źo ʼoṅ źes paʼi rus mdzod -- Źo ʼoṅ dbu se rgya rgyaʼi rus mdzod -- Źo ʼoṅ ka śul rus mdzod -- Sa dkyil tā be huʼi lo rgyus daṅ sa dkyil sde baʼi rus mdzod -- Sgro roṅ boʼi rus mdzod -- Gñan thog rus mdzod kun gsal khuṅs dag -- Mgo dmar rus mdzod mdor bsdus-- Seṅ ge gśoṅ gi rus mdzod khuṅs gsal me loṅ -- Gliṅ rgyaʼi rus mdzod.</subfield>
  </datafield>
  <datafield tag="651" ind1=" " ind2="0">
    <subfield code="a">Reb-goṅ Gser-mo-ljoṅs (China)</subfield>
    <subfield code="x">History, Local.</subfield>
  </datafield>
  <datafield tag="650" ind1=" " ind2="0">
    <subfield code="a">Amdo (Tibetan people)</subfield>
    <subfield code="z">China</subfield>
    <subfield code="z">Reb-goṅ Gser-mo-ljoṅs</subfield>
    <subfield code="v">Genealogy.</subfield>
  </datafield>
  <datafield tag="650" ind1=" " ind2="0">
    <subfield code="a">Ethnology</subfield>
    <subfield code="z">China</subfield>
    <subfield code="z">Reb-goṅ Gser-mo-ljoṅs.</subfield>
  </datafield>
  <datafield tag="651" ind1=" " ind2="0">
    <subfield code="a">Tongren Xian (Qinghai Sheng, China)</subfield>
    <subfield code="x">History, Local.</subfield>
  </datafield>
  <datafield tag="880" ind1="1" ind2=" ">
    <subfield code="6">246-01</subfield>
    <subfield code="i">Chinese title in CIP data:</subfield>
    <subfield code="a">热贡族谱</subfield>
  </datafield>
  <datafield tag="830" ind1=" " ind2="0">
    <subfield code="a">Sṅags maṅ dpe tshogs ;</subfield>
    <subfield code="v">19.</subfield>
  </datafield>
</record>