

<record xmlns="http://www.loc.gov/MARC21/slim"
xmlns:xsi="http://www.w3.org/2001/XMLSchema-instance"
xsi:schemaLocation="http://www.loc.gov/MARC21/slim
http://www.loc.gov/standards/marcxml/schema/MARC21slim.xsd">
  <leader>     nam a22     5a 4500</leader>
  <controlfield tag="001">013654737-0</controlfield>
  <controlfield tag="005">20130408165554.0</controlfield>
  <controlfield tag="008">130408s2013    cau          |||||||tib|d</controlfield>
  <datafield tag="245" ind1="0" ind2="0">
    <subfield code="a">[Tibet Oral History Project collection]</subfield>
  </datafield>
  <datafield tag="260" ind1=" " ind2=" ">
    <subfield code="a">Moraga, CA :</subfield>
    <subfield code="b">Tibet Oral History Project,</subfield>
    <subfield code="c">[2013]</subfield>
  </datafield>
  <datafield tag="300" ind1=" " ind2=" ">
    <subfield code="a">v.</subfield>
  </datafield>
</record>