

<record xmlns="http://www.loc.gov/MARC21/slim"
xmlns:xsi="http://www.w3.org/2001/XMLSchema-instance"
xsi:schemaLocation="http://www.loc.gov/MARC21/slim
http://www.loc.gov/standards/marcxml/schema/MARC21slim.xsd">
  <leader>     cam a2200349La 4500</leader>
  <controlfield tag="001">013660145-6</controlfield>
  <controlfield tag="005">20130416113639.0</controlfield>
  <controlfield tag="008">071009s2005    cc            000 0 tibod</controlfield>
  <datafield tag="020" ind1=" " ind2=" ">
    <subfield code="a">7542011162</subfield>
  </datafield>
  <datafield tag="020" ind1=" " ind2=" ">
    <subfield code="a">9787542011169</subfield>
  </datafield>
  <datafield tag="035" ind1="0" ind2=" ">
    <subfield code="a">ocn173847762</subfield>
  </datafield>
  <datafield tag="040" ind1=" " ind2=" ">
    <subfield code="a">ZCU</subfield>
    <subfield code="c">ZCU</subfield>
  </datafield>
  <datafield tag="050" ind1=" " ind2="4">
    <subfield code="a">PL3701</subfield>
    <subfield code="b">.B635 2005</subfield>
  </datafield>
  <datafield tag="245" ind1="0" ind2="0">
    <subfield code="a">Bod kyi dus rabs rim byuṅ gi rtsom yig gces bsdus /</subfield>
    <subfield code="c">Rin-chen-rdo-rjes bsgrigs.</subfield>
  </datafield>
  <datafield tag="246" ind1="1" ind2="4">
    <subfield code="a">An anthology of selective readings of Tibetan literature with notes</subfield>
  </datafield>
  <datafield tag="246" ind1="1" ind2=" ">
    <subfield code="6">880-01</subfield>
    <subfield code="i">Chinese title in colophon:</subfield>
    <subfield code="a">Zang zu li dai wen xue zuo pin xuan zhu</subfield>
  </datafield>
  <datafield tag="250" ind1=" " ind2=" ">
    <subfield code="a">Par gźi 1.</subfield>
  </datafield>
  <datafield tag="260" ind1=" " ind2=" ">
    <subfield code="a">Zi-liṅ :</subfield>
    <subfield code="b">Mtsho sṅon mi rigs dpe skrun khaṅ,</subfield>
    <subfield code="c">2005.</subfield>
  </datafield>
  <datafield tag="300" ind1=" " ind2=" ">
    <subfield code="a">6, 530 p. ;</subfield>
    <subfield code="c">23 cm.</subfield>
  </datafield>
  <datafield tag="490" ind1="1" ind2=" ">
    <subfield code="6">880-02</subfield>
    <subfield code="a">Qinghai min zu xue yuan xue shu xi lie cong shu ;</subfield>
    <subfield code="v">19</subfield>
  </datafield>
  <datafield tag="546" ind1=" " ind2=" ">
    <subfield code="a">In Tibetan.</subfield>
  </datafield>
  <datafield tag="520" ind1=" " ind2=" ">
    <subfield code="a">Selections of classical Tibetan literature organized by genre with explanatory notes and definitions of certain terms.</subfield>
  </datafield>
  <datafield tag="650" ind1=" " ind2="0">
    <subfield code="a">Tibetan literature</subfield>
    <subfield code="x">History and criticism.</subfield>
  </datafield>
  <datafield tag="880" ind1="1" ind2=" ">
    <subfield code="6">246-01</subfield>
    <subfield code="i">Chinese title in colophon:</subfield>
    <subfield code="a">藏族历代文学作品选注</subfield>
  </datafield>
  <datafield tag="880" ind1="1" ind2=" ">
    <subfield code="6">490-02</subfield>
    <subfield code="a">青海民族学院学本系烈丛书 ;</subfield>
    <subfield code="v">19</subfield>
  </datafield>
  <datafield tag="830" ind1=" " ind2="0">
    <subfield code="6">880-03</subfield>
    <subfield code="a">Qinghai min zu xue yuan xue shu xi lie cong shu ;</subfield>
    <subfield code="v">19.</subfield>
  </datafield>
  <datafield tag="880" ind1=" " ind2="0">
    <subfield code="6">830-03</subfield>
    <subfield code="a">青海民族学院学本系烈丛书 ;</subfield>
    <subfield code="v">19</subfield>
  </datafield>
</record>