

<record xmlns="http://www.loc.gov/MARC21/slim"
xmlns:xsi="http://www.w3.org/2001/XMLSchema-instance"
xsi:schemaLocation="http://www.loc.gov/MARC21/slim
http://www.loc.gov/standards/marcxml/schema/MARC21slim.xsd">
  <leader>     njm a22     5a 4500</leader>
  <controlfield tag="001">013718276-7</controlfield>
  <controlfield tag="005">20131011155024.0</controlfield>
  <controlfield tag="008">130703s2003    xx |||||||||||||||||tib|d</controlfield>
  <datafield tag="040" ind1=" " ind2=" ">
    <subfield code="a">HMU</subfield>
    <subfield code="c">HMU</subfield>
  </datafield>
  <datafield tag="100" ind1="1" ind2=" ">
    <subfield code="a">Palkyi, Sonam.</subfield>
  </datafield>
  <datafield tag="245" ind1="1" ind2="0">
    <subfield code="a">Tibetan songs of Sonam Palkyi</subfield>
    <subfield code="h">[sound recording].</subfield>
  </datafield>
  <datafield tag="260" ind1=" " ind2=" ">
    <subfield code="c">c2003.</subfield>
  </datafield>
  <datafield tag="300" ind1=" " ind2=" ">
    <subfield code="a">1 sound disc :</subfield>
    <subfield code="b">digital, stereo. ;</subfield>
    <subfield code="c">4 3/4 in.</subfield>
  </datafield>
</record>