

<record xmlns="http://www.loc.gov/MARC21/slim"
xmlns:xsi="http://www.w3.org/2001/XMLSchema-instance"
xsi:schemaLocation="http://www.loc.gov/MARC21/slim
http://www.loc.gov/standards/marcxml/schema/MARC21slim.xsd">
  <leader>     cjm a2200361 a 4500</leader>
  <controlfield tag="001">013718280-5</controlfield>
  <controlfield tag="005">20131011163620.0</controlfield>
  <controlfield tag="008">070214r20041997caumunn           n tib d</controlfield>
  <datafield tag="035" ind1="0" ind2=" ">
    <subfield code="a">ocm83590876</subfield>
  </datafield>
  <datafield tag="040" ind1=" " ind2=" ">
    <subfield code="a">EMU</subfield>
    <subfield code="c">EMU</subfield>
    <subfield code="d">OCLCA</subfield>
    <subfield code="d">HMU</subfield>
  </datafield>
  <datafield tag="043" ind1=" " ind2=" ">
    <subfield code="a">a-cc-ti</subfield>
  </datafield>
  <datafield tag="047" ind1=" " ind2=" ">
    <subfield code="a">fm</subfield>
    <subfield code="a">pp</subfield>
  </datafield>
  <datafield tag="100" ind1="1" ind2=" ">
    <subfield code="a">Dhondup, Tashi.</subfield>
  </datafield>
  <datafield tag="245" ind1="1" ind2="0">
    <subfield code="a">Techung</subfield>
    <subfield code="h">[sound recording] :</subfield>
    <subfield code="b">a compilation of Tibetan folk and freedom songs.</subfield>
  </datafield>
  <datafield tag="246" ind1="3" ind2="0">
    <subfield code="a">Compilation of Tibetan folk and freedom songs</subfield>
  </datafield>
  <datafield tag="260" ind1=" " ind2=" ">
    <subfield code="a">[Pacifica, Calif.] :</subfield>
    <subfield code="b">Kunga Records,</subfield>
    <subfield code="c">[2004]</subfield>
  </datafield>
  <datafield tag="300" ind1=" " ind2=" ">
    <subfield code="a">1 sound disc :</subfield>
    <subfield code="b">digital ;</subfield>
    <subfield code="c">4 3/4 in.</subfield>
  </datafield>
  <datafield tag="500" ind1=" " ind2=" ">
    <subfield code="a">Traditional and original Tibetan songs.</subfield>
  </datafield>
  <datafield tag="546" ind1=" " ind2=" ">
    <subfield code="a">The vocal selections sung in Tibetan.</subfield>
  </datafield>
  <datafield tag="500" ind1=" " ind2=" ">
    <subfield code="a">Original texts by Techung and Chab Dra Pho Nya.</subfield>
  </datafield>
  <datafield tag="511" ind1="0" ind2=" ">
    <subfield code="a">Techung, vocals and dranyen, piwang, and percussion; in part with various instrumental and vocal acc.</subfield>
  </datafield>
  <datafield tag="500" ind1=" " ind2=" ">
    <subfield code="a">Contains previously released material from 4 solo albums released 1997-2003.</subfield>
  </datafield>
  <datafield tag="500" ind1=" " ind2=" ">
    <subfield code="a">Compact disc.</subfield>
  </datafield>
  <datafield tag="505" ind1="0" ind2=" ">
    <subfield code="a">Ser kyi trung phor = The golden drinking bowl : traditional (3:04) -- Tashi pai dawa = Auspicious moon (7:08) -- Kyi po tang = Enjoy (3:46) -- Ran zen = Independence (6:10) -- Nying Ttop = Courage (4:30) -- Drechang silma = Fresh rice chang : traditional (3:29) -- Sardok jampae tsedung = A short lived childhood love (5:34) -- Kel sang sung la ya do = Auspicious one, melodiously ascending : traditional (3:53) -- Ta shi ga thon = Joyious celebration (3:10) -- Zhi wai gang seng = The snow lion of peace (7:29) -- Ake pe ma = The lotus : traditional (5:04) -- Tso mo = Princess of ocean (6:36) -- Thupten ngodup = Tibetan martyrdom (7:04) -- Yag lung tins sang = The auspicious cloud of Yarlung : traditional (4:13) -- Lo sar = New Year&apos;s song (5:02).</subfield>
  </datafield>
  <datafield tag="650" ind1=" " ind2="0">
    <subfield code="a">Songs, Tibetan.</subfield>
  </datafield>
  <datafield tag="650" ind1=" " ind2="0">
    <subfield code="a">Folk songs, Tibetan.</subfield>
  </datafield>
  <datafield tag="650" ind1=" " ind2="0">
    <subfield code="a">Folk music</subfield>
    <subfield code="z">China</subfield>
    <subfield code="z">Tibet Autonomous Region.</subfield>
  </datafield>
  <datafield tag="650" ind1=" " ind2="0">
    <subfield code="a">Popular music</subfield>
    <subfield code="z">China</subfield>
    <subfield code="z">Tibet Autonomous Region.</subfield>
  </datafield>
  <datafield tag="700" ind1="0" ind2=" ">
    <subfield code="a">Nya,</subfield>
    <subfield code="d">1970-</subfield>
  </datafield>
  <datafield tag="049" ind1=" " ind2=" ">
    <subfield code="a">HMUU</subfield>
  </datafield>
</record>