

<record xmlns="http://www.loc.gov/MARC21/slim"
xmlns:xsi="http://www.w3.org/2001/XMLSchema-instance"
xsi:schemaLocation="http://www.loc.gov/MARC21/slim
http://www.loc.gov/standards/marcxml/schema/MARC21slim.xsd">
  <leader>     cjm a2200313 a 4500</leader>
  <controlfield tag="001">013718284-8</controlfield>
  <controlfield tag="005">20131011162425.0</controlfield>
  <controlfield tag="008">070814r20061997xxumunn  e        n tib d</controlfield>
  <datafield tag="035" ind1="0" ind2=" ">
    <subfield code="a">ocn164437314</subfield>
  </datafield>
  <datafield tag="040" ind1=" " ind2=" ">
    <subfield code="a">BUF</subfield>
    <subfield code="b">eng</subfield>
    <subfield code="c">BUF</subfield>
    <subfield code="d">OCLCQ</subfield>
    <subfield code="d">HMU</subfield>
  </datafield>
  <datafield tag="043" ind1=" " ind2=" ">
    <subfield code="a">a-cc-ti</subfield>
  </datafield>
  <datafield tag="047" ind1=" " ind2=" ">
    <subfield code="a">fm</subfield>
    <subfield code="a">pp</subfield>
  </datafield>
  <datafield tag="100" ind1="1" ind2=" ">
    <subfield code="a">Dhondup, Tashi.</subfield>
  </datafield>
  <datafield tag="245" ind1="1" ind2="4">
    <subfield code="a">The best of Techung</subfield>
    <subfield code="h">[sound recording].</subfield>
  </datafield>
  <datafield tag="260" ind1=" " ind2=" ">
    <subfield code="a">[S.l.] :</subfield>
    <subfield code="b">Gonpo,</subfield>
    <subfield code="c">[2005].</subfield>
  </datafield>
  <datafield tag="300" ind1=" " ind2=" ">
    <subfield code="a">1 sound disc :</subfield>
    <subfield code="b">digital ;</subfield>
    <subfield code="c">4 3/4 in.</subfield>
  </datafield>
  <datafield tag="511" ind1="1" ind2=" ">
    <subfield code="a">Techung, vocals, various instruments.</subfield>
  </datafield>
  <datafield tag="500" ind1=" " ind2=" ">
    <subfield code="a">All material previously released.</subfield>
  </datafield>
  <datafield tag="500" ind1=" " ind2=" ">
    <subfield code="a">Compact disc.</subfield>
  </datafield>
  <datafield tag="500" ind1=" " ind2=" ">
    <subfield code="a">&quot;The best of Techung CD is from Techung&apos;s solo recordings: Sampai Rewa (2006), Nyingtop-Courage (2003), Changshay (1999), Yarlung Tibetan Songs of Love and Freedom (1997).&quot;--Container verso.</subfield>
  </datafield>
  <datafield tag="505" ind1="0" ind2="0">
    <subfield code="t">Snow lion of peace</subfield>
    <subfield code="r">(Yarlung)</subfield>
    <subfield code="g">(7:29) --</subfield>
    <subfield code="t">Tashi Gathon</subfield>
    <subfield code="r">(Sky Treasure)</subfield>
    <subfield code="g">(3:10) --</subfield>
    <subfield code="t">Kelsang Sung Ia Yardo</subfield>
    <subfield code="g">(3:53) ;</subfield>
    <subfield code="t">Tsomo</subfield>
    <subfield code="r">(Changshay)</subfield>
    <subfield code="g">(6:36) --</subfield>
    <subfield code="t">Losar</subfield>
    <subfield code="r">(Yarlung)</subfield>
    <subfield code="g">(5:02) --</subfield>
    <subfield code="t">Tsering Tsomo</subfield>
    <subfield code="r">(Sempai Rewa)</subfield>
    <subfield code="g">(5:33) --</subfield>
    <subfield code="t">Yarlung Tinsang</subfield>
    <subfield code="r">(Changshay)</subfield>
    <subfield code="g">(4:13) --</subfield>
    <subfield code="t">Yo Wong Ze Dhen</subfield>
    <subfield code="g">(5:49) ;</subfield>
    <subfield code="t">Nyingtop</subfield>
    <subfield code="r">(Sempai Rewa)</subfield>
    <subfield code="g">(4:30).</subfield>
  </datafield>
  <datafield tag="650" ind1=" " ind2="0">
    <subfield code="a">Folk music</subfield>
    <subfield code="z">China</subfield>
    <subfield code="z">Tibet Autonomous Region.</subfield>
  </datafield>
  <datafield tag="650" ind1=" " ind2="0">
    <subfield code="a">Folk songs, Tibetan.</subfield>
  </datafield>
  <datafield tag="650" ind1=" " ind2="0">
    <subfield code="a">Popular music</subfield>
    <subfield code="z">China</subfield>
    <subfield code="z">Tibet Autonomous Region.</subfield>
  </datafield>
  <datafield tag="049" ind1=" " ind2=" ">
    <subfield code="a">HMUU</subfield>
  </datafield>
</record>