

<record xmlns="http://www.loc.gov/MARC21/slim"
xmlns:xsi="http://www.w3.org/2001/XMLSchema-instance"
xsi:schemaLocation="http://www.loc.gov/MARC21/slim
http://www.loc.gov/standards/marcxml/schema/MARC21slim.xsd">
  <leader>     nam a22     5a 4500</leader>
  <controlfield tag="001">013758924-7</controlfield>
  <controlfield tag="005">20130815134727.0</controlfield>
  <controlfield tag="008">130815|2008    cc           |||||||tib|d</controlfield>
  <datafield tag="245" ind1="0" ind2="0">
    <subfield code="a">Bod kyi dus rabs rim byuṅ gi rtsom yig gces bsdus /</subfield>
  </datafield>
  <datafield tag="246" ind1="1" ind2=" ">
    <subfield code="6">880-01</subfield>
    <subfield code="i">Chinese title in colophon:</subfield>
    <subfield code="a">Li dai zang zu wen xue</subfield>
  </datafield>
  <datafield tag="260" ind1=" " ind2=" ">
    <subfield code="c">2008</subfield>
  </datafield>
  <datafield tag="300" ind1=" " ind2=" ">
    <subfield code="a">342 p. ;</subfield>
    <subfield code="c">21 cm.</subfield>
  </datafield>
  <datafield tag="880" ind1="1" ind2=" ">
    <subfield code="6">246-01</subfield>
    <subfield code="i">Chinese title in colophon:</subfield>
    <subfield code="a">历代藏族文选</subfield>
  </datafield>
</record>