

<record xmlns="http://www.loc.gov/MARC21/slim"
xmlns:xsi="http://www.w3.org/2001/XMLSchema-instance"
xsi:schemaLocation="http://www.loc.gov/MARC21/slim
http://www.loc.gov/standards/marcxml/schema/MARC21slim.xsd">
  <leader>     nam a22     3i 4500</leader>
  <controlfield tag="001">013763886-8</controlfield>
  <controlfield tag="005">20130826113405.0</controlfield>
  <controlfield tag="008">130823s2012    ja           |||||||tib|d</controlfield>
  <datafield tag="020" ind1=" " ind2=" ">
    <subfield code="a">9784434169113</subfield>
  </datafield>
  <datafield tag="035" ind1="0" ind2=" ">
    <subfield code="a">ocn857281033</subfield>
  </datafield>
  <datafield tag="040" ind1=" " ind2=" ">
    <subfield code="b">eng</subfield>
    <subfield code="e">rda</subfield>
  </datafield>
  <datafield tag="100" ind1="1" ind2=" ">
    <subfield code="a">Tsoṅ-kha-pa Blo-bzaṅ-grags-pa,</subfield>
    <subfield code="d">1357-1419.</subfield>
  </datafield>
  <datafield tag="245" ind1="1" ind2="0">
    <subfield code="a">Rje Tsoṇ-kha-paʼi lam rim chuṇ ṇuʼi luṇ khuṇs gsal byed zla ña =</subfield>
    <subfield code="b">The shorter treatise on the Graded path of awakening : Lamrim chungngu by Tsong khapa /</subfield>
    <subfield code="c">O tha ni gtsig lag slob grva chen moʻi mtshan &apos;dzin gtsig lag slob dpon chen mo khaṇ dkar Tshul-khrims-skal-bzaṇ gis rtsom sgrig bgyis.</subfield>
  </datafield>
  <datafield tag="246" ind1="1" ind2="0">
    <subfield code="a">Lam rim chuṇ ṇu</subfield>
  </datafield>
  <datafield tag="246" ind1="1" ind2="1">
    <subfield code="a">Shorter treatise on the Graded path of awakening</subfield>
  </datafield>
  <datafield tag="264" ind1=" " ind2="1">
    <subfield code="a">Kyoto, Japan :</subfield>
    <subfield code="b">Gaṇs-ljoṇs naṇ rig mthun tshogs / Tibetan Buddhist Culture Association,</subfield>
    <subfield code="c">[2012]</subfield>
  </datafield>
  <datafield tag="300" ind1=" " ind2=" ">
    <subfield code="a">ix, 357 ;</subfield>
    <subfield code="c">30 cm.</subfield>
  </datafield>
  <datafield tag="336" ind1=" " ind2=" ">
    <subfield code="a">text</subfield>
    <subfield code="b">txt</subfield>
    <subfield code="2">rdacontent</subfield>
  </datafield>
  <datafield tag="337" ind1=" " ind2=" ">
    <subfield code="a">unmediated</subfield>
    <subfield code="b">n</subfield>
    <subfield code="2">rdamedia</subfield>
  </datafield>
  <datafield tag="338" ind1=" " ind2=" ">
    <subfield code="a">volume</subfield>
    <subfield code="b">nc</subfield>
    <subfield code="2">rdacarrier</subfield>
  </datafield>
  <datafield tag="490" ind1="1" ind2=" ">
    <subfield code="a">Ñin bod naṇ rig deb graṇs ;</subfield>
    <subfield code="v">XIII</subfield>
  </datafield>
  <datafield tag="710" ind1="2" ind2=" ">
    <subfield code="a">Gaṇs-ljoṇs naṇ rig mthun tshogs.</subfield>
  </datafield>
  <datafield tag="830" ind1=" " ind2="0">
    <subfield code="a">Ñin bod naṇ rig deb graṇs ;</subfield>
    <subfield code="v">13.</subfield>
  </datafield>
</record>