

<record xmlns="http://www.loc.gov/MARC21/slim"
xmlns:xsi="http://www.w3.org/2001/XMLSchema-instance"
xsi:schemaLocation="http://www.loc.gov/MARC21/slim
http://www.loc.gov/standards/marcxml/schema/MARC21slim.xsd">
  <leader>     cam a2200349 a 4500</leader>
  <controlfield tag="001">013763895-7</controlfield>
  <controlfield tag="005">20130920191527.0</controlfield>
  <controlfield tag="008">020717s1992    ja acf   b    001 0 tiboc</controlfield>
  <datafield tag="035" ind1="0" ind2=" ">
    <subfield code="a">ocm50187173</subfield>
  </datafield>
  <datafield tag="040" ind1=" " ind2=" ">
    <subfield code="a">IUL</subfield>
    <subfield code="c">IUL</subfield>
    <subfield code="d">OCLCQ</subfield>
    <subfield code="d">OCLCG</subfield>
    <subfield code="d">OCLCA</subfield>
  </datafield>
  <datafield tag="041" ind1="0" ind2=" ">
    <subfield code="a">tib</subfield>
    <subfield code="g">jpn</subfield>
  </datafield>
  <datafield tag="042" ind1=" " ind2=" ">
    <subfield code="a">pcc</subfield>
  </datafield>
  <datafield tag="050" ind1=" " ind2="4">
    <subfield code="a">BQ4195</subfield>
    <subfield code="b">.T84 1992</subfield>
  </datafield>
  <datafield tag="100" ind1="0" ind2=" ">
    <subfield code="a">Tshul-khrims-skal-bzaṅ,</subfield>
    <subfield code="c">Khaṅ-dkar,</subfield>
    <subfield code="d">1942-</subfield>
  </datafield>
  <datafield tag="245" ind1="1" ind2="0">
    <subfield code="a">Chos mṅon paʼi lta grub ʼphel rim ʼbrel yod daṅ bcas paʼi dpyad źib Mchims Mdzod mdzes rgyan :</subfield>
    <subfield code="b">Deb ther ser po = Abidatsuma bukken ni okeru shisō no tenkai = : The development of thought in the Abhidharma literature (The yellow annals) /</subfield>
    <subfield code="c">Khaṅ-dkar Tshul-khrims-skal-bzaṅ gis brtsams.</subfield>
  </datafield>
  <datafield tag="246" ind1="3" ind2="0">
    <subfield code="a">Mchims Mdzod mdzes rgyan</subfield>
  </datafield>
  <datafield tag="246" ind1="3" ind2="1">
    <subfield code="a">Abidatsuma bukken ni okeru shisō no tenkai</subfield>
  </datafield>
  <datafield tag="246" ind1="3" ind2="1">
    <subfield code="a">Development of thought in the Abhidharma literature</subfield>
  </datafield>
  <datafield tag="260" ind1=" " ind2=" ">
    <subfield code="a">Kyoto :</subfield>
    <subfield code="b">Gaṅs-ljoṅs Naṅ-rig Mthun-tshogs,</subfield>
    <subfield code="c">1992.</subfield>
  </datafield>
  <datafield tag="300" ind1=" " ind2=" ">
    <subfield code="a">xv, 227, [2] leaves of plates :</subfield>
    <subfield code="b">ill., port. ;</subfield>
    <subfield code="c">27 cm.</subfield>
  </datafield>
  <datafield tag="490" ind1="1" ind2=" ">
    <subfield code="a">Ñin Bod Naṅ-rig deb graṅs ;</subfield>
    <subfield code="v">3</subfield>
  </datafield>
  <datafield tag="546" ind1=" " ind2=" ">
    <subfield code="a">In Tibetan; added pref. in Japanese.</subfield>
  </datafield>
  <datafield tag="504" ind1=" " ind2=" ">
    <subfield code="a">Includes list of author&apos;s writings through 1988 (p. ix), bibliographical references, and index.</subfield>
  </datafield>
  <datafield tag="520" ind1=" " ind2=" ">
    <subfield code="a">Centers on analysis of Mchims-ston&apos;s Mṅon paʼi rgyan (&quot;Mdzod Che&quot;) and Chos mṅon pa gsal byed (&quot;Mdzod Chuṅ&quot;).</subfield>
  </datafield>
  <datafield tag="650" ind1=" " ind2="0">
    <subfield code="a">Abhidharma.</subfield>
  </datafield>
  <datafield tag="600" ind1="0" ind2="0">
    <subfield code="a">Vasubandhu.</subfield>
    <subfield code="t">Abhidharmakośa.</subfield>
  </datafield>
  <datafield tag="600" ind1="0" ind2="0">
    <subfield code="a">Mchims-ston Blo-bzaṅ-grags-pa,</subfield>
    <subfield code="d">active 14th century</subfield>
    <subfield code="v">Teachings.</subfield>
  </datafield>
  <datafield tag="650" ind1=" " ind2="0">
    <subfield code="a">Dge-lugs-pa (Sect)</subfield>
    <subfield code="x">Doctrines.</subfield>
  </datafield>
  <datafield tag="650" ind1=" " ind2="0">
    <subfield code="a">Tibetan language</subfield>
    <subfield code="v">Texts.</subfield>
  </datafield>
  <datafield tag="830" ind1=" " ind2="0">
    <subfield code="a">Ñi Bod Naṅ-rig deb graṅs ;</subfield>
    <subfield code="v">3.</subfield>
  </datafield>
  <datafield tag="049" ind1=" " ind2=" ">
    <subfield code="a">HLSS</subfield>
  </datafield>
</record>