

<record xmlns="http://www.loc.gov/MARC21/slim"
xmlns:xsi="http://www.w3.org/2001/XMLSchema-instance"
xsi:schemaLocation="http://www.loc.gov/MARC21/slim
http://www.loc.gov/standards/marcxml/schema/MARC21slim.xsd">
  <leader>     cjm a2200301Ma 4500</leader>
  <controlfield tag="001">013846815-X</controlfield>
  <controlfield tag="005">20140108154204.0</controlfield>
  <controlfield tag="008">130722s2013    fr zznn           n tib d</controlfield>
  <datafield tag="024" ind1="1" ind2="0">
    <subfield code="a">602537316878</subfield>
  </datafield>
  <datafield tag="028" ind1="0" ind2="2">
    <subfield code="a">3731687</subfield>
    <subfield code="b">Buda Records</subfield>
  </datafield>
  <datafield tag="028" ind1="0" ind2="2">
    <subfield code="a">BUD3731687</subfield>
    <subfield code="b">Buda Records</subfield>
  </datafield>
  <datafield tag="035" ind1="0" ind2=" ">
    <subfield code="a">ocn854922591</subfield>
  </datafield>
  <datafield tag="040" ind1=" " ind2=" ">
    <subfield code="a">TDF</subfield>
    <subfield code="c">TDF</subfield>
    <subfield code="d">GL9</subfield>
  </datafield>
  <datafield tag="041" ind1="1" ind2=" ">
    <subfield code="g">fre</subfield>
    <subfield code="g">eng</subfield>
    <subfield code="h">fre</subfield>
  </datafield>
  <datafield tag="245" ind1="0" ind2="0">
    <subfield code="a">Tibet</subfield>
    <subfield code="h">[sound recording] :</subfield>
    <subfield code="b">les chants de l&apos;exil ; songs from exile.</subfield>
  </datafield>
  <datafield tag="246" ind1="3" ind2="0">
    <subfield code="a">Chants de l&apos;exil</subfield>
  </datafield>
  <datafield tag="246" ind1="3" ind2="0">
    <subfield code="a">Songs from exile</subfield>
  </datafield>
  <datafield tag="260" ind1=" " ind2=" ">
    <subfield code="a">[France] :</subfield>
    <subfield code="b">Buda Records,</subfield>
    <subfield code="c">2013.</subfield>
  </datafield>
  <datafield tag="300" ind1=" " ind2=" ">
    <subfield code="a">1 sound disc (78 min.) :</subfield>
    <subfield code="b">digital ;</subfield>
    <subfield code="c">4 3/4 in.</subfield>
  </datafield>
  <datafield tag="500" ind1=" " ind2=" ">
    <subfield code="a">Music and ambient sounds of the exiled Tibetan community living in Ladakh.</subfield>
  </datafield>
  <datafield tag="500" ind1=" " ind2=" ">
    <subfield code="a">Notes in French and English.</subfield>
  </datafield>
  <datafield tag="505" ind1="0" ind2="0">
    <subfield code="t">Première partie: Le travail = First part: Work.</subfield>
    <subfield code="t">Victoire aux dieux! = Victory to the gods! ;</subfield>
    <subfield code="t">&quot;Le Mont Kharak&quot; (chant solo et luth kovo) = &quot;Mount Kharak&quot; (solo song and kovo lute) ;</subfield>
    <subfield code="t">Chant de peignage des chèvres (chant en duo) = Shearing song (duet song) ;</subfield>
    <subfield code="t">Air de traite (flûte lingbu) = Milking tune (lingbu flute) ;</subfield>
    <subfield code="t">Chant de berger (chant solo) = Shepherd song (solo song) ;</subfield>
    <subfield code="t">Chant de labour (chant solo) = Ploughing song (duet song) ;</subfield>
    <subfield code="t">Air de collecte de plantes (flûte lingbu) = Plant gathering tune (lingbu flute) ;</subfield>
    <subfield code="t">Chant de moisson (chant de groupe) = Harvest song (group song) ;</subfield>
    <subfield code="t">Chant du pillard (chant solo) = Robber&apos;s song (solo song) --</subfield>
    <subfield code="t">Deuxième partie: La communauté = Second part: Community.</subfield>
    <subfield code="t">Chant de rassemblement (chant de groupe) = Gathering song (group song) ;</subfield>
    <subfield code="t">Devinettes = Riddles ;</subfield>
    <subfield code="t">Chant de l&apos;Épopée de Gesar (chant en duo) = The Gesar epic (duet song) ;</subfield>
  </datafield>
  <datafield tag="505" ind1="0" ind2="0">
    <subfield code="t">&quot;Pasang Puti&quot; (chant de groupe et luth kovo) = &quot;Pasang Puti&quot; (group song and kovo lute) ;</subfield>
    <subfield code="t">Proverbes = Proverbs ;</subfield>
    <subfield code="t">Chant pour boire (chant de groupe) = Drinking song (group song) ;</subfield>
    <subfield code="t">Jeu de dés = Dice ;</subfield>
    <subfield code="t">&quot;La Nation des prairies&quot; (chant de groupe et jerrycan) = &quot;The nation of prairies&quot; (group song and jerrycan) ;</subfield>
    <subfield code="t">Danse Gorshey: &quot;Le Palais de L&apos;Est&quot; (chant de groupe) = Gorshey dance: &quot;Eastern Palace&quot; (group song) ;</subfield>
    <subfield code="t">Danse Gorshey: &quot;La Haute Montagne&quot; (chant de groupe) = Gorshey dance: &quot;The high mountain&quot; (group song) ;</subfield>
    <subfield code="t">Danse Gorshey: &quot;Lhassa la Belle&quot; (chant de groupe) = Gorshey dance: &quot;Beautiful Lhassa&quot; (group song) ;</subfield>
    <subfield code="t">Offrande aux fantômes affamés (avec cymbalettes tingsha) = Offering to hungry ghosts (with tingsha cymbals) ;</subfield>
    <subfield code="t">Prière à Mahakala (orchestre monacal) = Prayer to Mahakala (monastic orchestra) --</subfield>
    <subfield code="t">Troisième partie: L&apos;exil = Third part: Exile.</subfield>
    <subfield code="t">Chant de construction (chant solo) = Building song (solo song) ;</subfield>
  </datafield>
  <datafield tag="505" ind1="0" ind2="0">
    <subfield code="t">L&apos;anniversaire du Dalai Lama (chant de groupe et flute lingbu) = The Dalai Lama&apos;s birthday (group song and lingbu flute) ;</subfield>
    <subfield code="t">&quot;Les trois provinces du Tibet&quot; (chant solo, luth danyen et cithare gyumang) = &quot;The three provinces of Tibet&quot; (voice, dranyen lute and gyuman zither) ;</subfield>
    <subfield code="t">Chanson ladakhi (chant de groupe) = Ladakhi song (group song) ;</subfield>
    <subfield code="t">&quot;La Bière est douce et amère (chant solo et luth danyen) = &quot;Beer is sweet and sour&quot; (solo song and dranyen lute) ;</subfield>
    <subfield code="t">&quot;Nous les Vikassi&quot; (chant solo, luth danyen, cithare gyumang et flute lingbu) = &quot;We the Vikassi&quot; (voice, dranyen lute, gyumang zither and lingbu flute) ;</subfield>
    <subfield code="t">&quot;Le fils du pays des neiges&quot; (poème) = &quot;The snow boy&quot; (poem) ;</subfield>
    <subfield code="t">&quot;N&apos;Oubilie jamais la liberté (chant solo et luth danyen) = &quot;Never forget freedom&quot; (solo song and dranyen lute).</subfield>
  </datafield>
  <datafield tag="655" ind1=" " ind2="0">
    <subfield code="a">Compact discs.</subfield>
  </datafield>
  <datafield tag="650" ind1=" " ind2="0">
    <subfield code="a">World music.</subfield>
  </datafield>
  <datafield tag="049" ind1=" " ind2=" ">
    <subfield code="a">HLSS</subfield>
  </datafield>
</record>