

<record xmlns="http://www.loc.gov/MARC21/slim"
xmlns:xsi="http://www.w3.org/2001/XMLSchema-instance"
xsi:schemaLocation="http://www.loc.gov/MARC21/slim
http://www.loc.gov/standards/marcxml/schema/MARC21slim.xsd">
  <leader>     cam a2200361 i 4500</leader>
  <controlfield tag="001">013865278-3</controlfield>
  <controlfield tag="005">20131209115744.0</controlfield>
  <controlfield tag="008">111223s2010    cc            000 0 tib d</controlfield>
  <datafield tag="010" ind1=" " ind2=" ">
    <subfield code="a">  2012338368</subfield>
  </datafield>
  <datafield tag="020" ind1=" " ind2=" ">
    <subfield code="a">9787105111213</subfield>
  </datafield>
  <datafield tag="020" ind1=" " ind2=" ">
    <subfield code="a">7105111216</subfield>
  </datafield>
  <datafield tag="025" ind1=" " ind2=" ">
    <subfield code="a">Ch-Tib-2012-338268; 02; 11-02</subfield>
  </datafield>
  <datafield tag="035" ind1="0" ind2=" ">
    <subfield code="a">ocn780161745</subfield>
  </datafield>
  <datafield tag="040" ind1=" " ind2=" ">
    <subfield code="a">DKDLA</subfield>
    <subfield code="b">eng</subfield>
    <subfield code="e">rda</subfield>
    <subfield code="c">DKDLA</subfield>
    <subfield code="d">DLC</subfield>
    <subfield code="d">OCLCO</subfield>
  </datafield>
  <datafield tag="042" ind1=" " ind2=" ">
    <subfield code="a">lccopycat</subfield>
    <subfield code="a">lcode</subfield>
  </datafield>
  <datafield tag="050" ind1="0" ind2="0">
    <subfield code="a">BQ2175</subfield>
    <subfield code="b">.T48 2010</subfield>
  </datafield>
  <datafield tag="100" ind1="0" ind2=" ">
    <subfield code="a">Thugs-rje-brtson-ʼgrus,</subfield>
    <subfield code="c">Kun-spaṅs,</subfield>
    <subfield code="d">1243-1313.</subfield>
  </datafield>
  <datafield tag="245" ind1="1" ind2="0">
    <subfield code="a">Dpal dus kyi ʼkhor loʼi zab lam rdo rjeʼi rnal ʼbyor gyi chos skor phyogs bsgrigs bźugs so /</subfield>
    <subfield code="c">[Kun-spaṅs Thugs-rje-brtson-ʼgrus kyis brtsams].</subfield>
  </datafield>
  <datafield tag="246" ind1="1" ind2="4">
    <subfield code="a">Dus ʼkhor rgyud sñiṅ bsdus pa</subfield>
  </datafield>
  <datafield tag="250" ind1=" " ind2=" ">
    <subfield code="a">Par theṅs daṅ po brgyab.</subfield>
  </datafield>
  <datafield tag="264" ind1=" " ind2="1">
    <subfield code="a">Pe-cin :</subfield>
    <subfield code="b">Mi rigs dpe skrun khang,</subfield>
    <subfield code="c">2010.</subfield>
  </datafield>
  <datafield tag="300" ind1=" " ind2=" ">
    <subfield code="a">1, 2, 3, 2, 480 pages :</subfield>
    <subfield code="b">color illustrations ;</subfield>
    <subfield code="c">23 cm.</subfield>
  </datafield>
  <datafield tag="336" ind1=" " ind2=" ">
    <subfield code="a">text</subfield>
    <subfield code="2">rdacontent</subfield>
  </datafield>
  <datafield tag="337" ind1=" " ind2=" ">
    <subfield code="a">unmediated</subfield>
    <subfield code="2">rdamedia</subfield>
  </datafield>
  <datafield tag="338" ind1=" " ind2=" ">
    <subfield code="a">volume</subfield>
    <subfield code="2">rdacarrier</subfield>
  </datafield>
  <datafield tag="490" ind1="0" ind2=" ">
    <subfield code="a">Jo-naṅ dpe tshogs = Jonang publication series ;</subfield>
    <subfield code="v">24</subfield>
  </datafield>
  <datafield tag="505" ind1="0" ind2=" ">
    <subfield code="a">Dpal dus kyi ʼkhor lo bsdus paʼi rgyud kyi rgyal por zab lam rdo rjeʼi rnal ʼbyor rnam par gtan la phab pa mdor bsdus paʼi rgyud kyi sñiṅ poʼi rgya cher ʼgrel pa dri ma med paʼi ʼod bźugs so -- Dpal dus kyi ʼkhor lo bsdus paʼi rgyud kyi rgyal por zab lam rdo rjeʼi rnal ʼbyor rnam par gtan la phab pa mdor bsdus paʼi rgyud kyi sñiṅ poʼi bkaʼ ʼgrel pad ma can bźugs -- Sṅon ʼgro daṅ dben gsum gyis khrid yig -- Zab lam gyi thog par dge baʼi khrid -- Zab lam gyi bar du dge baʼi khrid -- Zab lam gyi tha mar dge baʼi khrid -- Dpal dus kyi ʼkhor loʼi bsdus rgyud rtsa ʼgrel las phyuṅ paʼi dbaṅ rab byed rtsa ʼgrel gyi sa gcod, rdo rjeʼi tshig ʼbyed gsal sgron.</subfield>
  </datafield>
  <datafield tag="520" ind1=" " ind2=" ">
    <subfield code="a">Commentary on Buddhist classical texts of Kālacakranāmatantrarājā.</subfield>
  </datafield>
  <datafield tag="546" ind1=" " ind2=" ">
    <subfield code="a">In Tibetan.</subfield>
  </datafield>
  <datafield tag="630" ind1="0" ind2="0">
    <subfield code="a">Tripiṭaka.</subfield>
    <subfield code="p">Sūtrapiṭaka.</subfield>
    <subfield code="p">Tantra.</subfield>
    <subfield code="p">Kālacakranāmatantrarājā</subfield>
    <subfield code="v">Commentries</subfield>
    <subfield code="v">Early works to 1800.</subfield>
  </datafield>
  <datafield tag="830" ind1=" " ind2="0">
    <subfield code="a">Jo-naṅ dpe tshogs ;</subfield>
    <subfield code="v">24.</subfield>
  </datafield>
  <datafield tag="049" ind1=" " ind2=" ">
    <subfield code="a">HLSS</subfield>
  </datafield>
</record>